2916 4934
320 352 386 398 CUM
409 350 588 397 Mutationis
611 349 852 397 subternatans
875 350 912 396 su
933 349 1124 396 cassantur.
1227 343 1263 396 99

194 463 347 547 habebat,
377 485 415 531 ac
441 463 561 552 reperti
594 473 670 530 sunt
698 463 754 552 qui
780 462 935 531 conviciis
960 462 995 528 in
1018 463 1197 552 principem
1225 486 1264 532 eo

195 573 304 639 minus
324 570 552 652 abstinuerint,
572 591 636 658 quo
652 570 758 656 magis
778 579 941 637 constaret
971 569 1186 637 Domitianum
1212 570 1264 639 vel

195 679 349 745 minimos
365 676 405 744 de
421 698 455 744 se
467 678 560 764 jocos
573 676 802 743 molestissime
816 676 914 744 ferre.
929 679 970 744 Se
982 685 1105 743 statura
1114 697 1262 765 procera,

196 784 378 872 grandibus
402 783 505 850 oculis
528 782 755 849 commendari
773 782 937 866 credebat,
962 804 1056 850 suam
1082 782 1264 871 pulchritu-

196 892 305 959 dinem
331 891 438 979 inepte
460 889 645 972 venditans,
669 911 811 979 eumque
837 891 968 957 Homeri
986 890 1096 956 locum
1124 890 1264 958 subinde

193 1001 324 1088 jactans
340 1020 349 1064 ε

356 1210 409 1274 Οὐχ
421 1209 497 1275 ὁράᾳς
511 1209 559 1264 Οἶθς
574 1208 641 1274 κᾴγὼ
656 1208 732 1262 eald<
746 1224 772 1256 τε
789 1209 915 1273 μέγαςτεὶ
924 1224 932 1271 ;

242 1437 347 1515 Quum
374 1454 451 1501 vero
479 1441 594 1521 postea
622 1432 749 1501 caluitio
780 1431 884 1500 factus
916 1432 1085 1516 deformis,
1116 1433 1262 1501 libellum

198 1551 308 1608 tamen
323 1543 371 1606 De
391 1543 482 1608 Coro
497 1539 694 1628 capillorum
710 1539 880 1622 edidisset,
907 1538 1031 1607 facetiis
1049 1539 1141 1608 dedit
1168 1561 1262 1608 occa-

200 1647 326 1715 sionem
341 1647 520 1714 multorum
534 1647 602 1736 qui,
622 1656 657 1713 ut
676 1667 752 1713 eum
767 1647 1001 1730 excruciarent,
1019 1647 1126 1716 calvos
1146 1648 1179 1714 in
1196 1648 1264 1716 suis

202 1754 407 1822 sermonibus
432 1753 695 1842 carminibusque
726 1774 783 1841 per
816 1753 996 1820 ludibrium
1025 1754 1262 1822 lacessebant².

198 1860 381 1928 Ridiculum
391 1859 813 1948 edictumpromulgaverat,
827 1880 891 1947 quo
903 1859 1072 1927 vinearum
1086 1861 1263 1927 maximam

198 1976 324 2056 partem
357 1966 553 2033 excidendos
581 1966 633 2035 vel
664 1964 888 2054 exstirpandas
915 1987 985 2032 esse
1007 1966 1261 2054 praescripserat.

201 2074 315 2142 Statim
337 2094 414 2141 vero
436 2072 536 2139 libelli
557 2094 617 2160 per
631 2073 746 2139 urbem
762 2093 837 2138 cum
853 2073 967 2159 graecis
987 2071 1136 2140 versibus
1160 2073 1264 2160 sparsi

200 2190 287 2260 sunt,
303 2200 441 2268 quorum
456 2200 572 2247 sensus
585 2188 670 2246 erat:
684 2203 702 2242 a
713 2178 866 2259 Quamvis
877 2199 930 2245 me
943 2178 984 2245 ad
997 2178 1141 2246 radicem
1159 2188 1264 2247 exter-

199 2287 317 2367 mines,
333 2286 411 2353 satis
422 2296 533 2353 tamen
543 2306 681 2354 uvarum
692 2284 808 2368 feram,
819 2295 855 2352 ut
863 2294 907 2367 te,
919 2288 1033 2369 Caesar,
1048 2306 1264 2374 conspergam

198 2393 446 2474 mactandum³;
464 2418 480 2456 u
498 2392 614 2481 hisque
632 2394 729 2460 minis
756 2393 958 2480 perterritus,
985 2413 1081 2459 suum
1101 2392 1261 2459 devincis

201 2500 342 2567 edictum
359 2499 494 2588 exsequi
508 2519 573 2566 non
589 2521 688 2567 ausus
704 2508 764 2567 est.

246 2605 310 2673 Sed
328 2605 545 2673 acerbissimae
570 2606 749 2673 llomitiano
770 2627 844 2673 cum
864 2604 1064 2694 philosophis
1087 2605 1263 2675 inimicitiae

202 2713 345 2795 luerunt,
370 2721 466 2801 atque
484 2711 704 2780 infestissimis
726 2712 878 2801 utrinque
898 2712 1016 2780 animis
1036 2714 1186 2781 atrociter
1201 2735 1265 2802 pu-

202 2829 338 2906 gnatum
351 2828 410 2886 est.
428 2821 498 2907 lpse
515 2819 643 2885 Tacitus
658 2839 723 2885 non
741 2819 898 2885 infitiatur
915 2820 992 2908 quin
1009 2820 1101 2887 stoici
1117 2841 1151 2888 se
1171 2841 1264 2888 arro-

202 2925 334 3012 gantius
348 2934 511 3012 gererent,
525 2935 621 3014 atque
637 2925 726 2991 inani
740 2925 896 2992 libertatis
902 2925 1077 3013 jactatione
1094 2925 1215 2993 famam
1228 2948 1265 2994 ac

204 3042 339 3099 mortem
356 3041 585 3120 provocarent;
601 3031 635 3098 id
649 3053 725 3099 vero
745 3032 903 3121 praecipue
926 3032 961 3099 in
980 3032 1132 3119 Agricola
1151 3053 1263 3100 socero

202 3138 325 3221 laudat,
343 3139 442 3228 quod,
460 3139 581 3206 omisso
597 3139 682 3206 lastu
695 3139 870 3206 verborum
886 3149 917 3206 et
932 3138 1095 3228 superbia,
1113 3139 1265 3207 modera-

203 3247 325 3312 tionem
348 3255 380 3311 ct
401 3244 605 3332 prudentiam
625 3267 690 3333 prat
709 3266 743 3312 sc
762 3244 884 3326 tulerit,
906 3255 1265 3334 temperamentumque

204 3350 389 3417 adhibuerit
403 3349 489 3416 litter
508 3350 688 3440 abruptum
705 3351 951 3417 contumaciam
969 3362 1002 3416 et
1015 3349 1164 3439 deforme
1176 3350 1267 3418 obse-

205 3457 435 3546 quiunquam
451 3478 611 3540 securam,
626 3457 798 3524 honestam
810 3467 932 3540 tamen,
948 3466 1079 3524 secutus
1095 3480 1102 3522 :
1116 3483 1133 3520 e
1144 3458 1265 3539 Sciant,

204 3564 323 3652 inquit,
348 3563 467 3652 quibus
489 3573 539 3630 cst
554 3563 654 3631 moris
676 3563 786 3631 illicita
815 3564 939 3646 mirari,
963 3584 1057 3652 posse
1083 3563 1181 3630 etiam
1206 3563 1266 3632 suh

205 3670 300 3736 malis
328 3669 529 3758 principibus
553 3691 691 3757 magnos
719 3671 806 3740 viros
832 3692 918 3753 esse,
944 3670 1203 3760 obsequiumque
1233 3692 1269 3738 aa

203 3775 410 3859 modestiam,
424 3777 452 3843 si
463 3777 624 3844 industria
634 3799 670 3845 ac
687 3777 780 3866 vigor
792 3778 912 3861 adsint,
928 3798 966 3845 eo
979 3777 1085 3844 laudis
1098 3778 1267 3860 excedere,

237 4080 259 4128 l.
277 4079 382 4132 Homer„
398 4077 470 4138 llice,
486 4093 536 4140 xxi,
549 4081 602 4129 103.

237 4151 261 4198 2.
280 4151 355 4208 Suet,
371 4148 478 4209 berieu,
492 4151 530 4200 tt.

237 4219 263 4269 3.
281 4220 358 4283 Suet,
371 4221 449 4282 Ibid,
464 4223 503 4272 ll.
