2916 4934
193 335 227 386 (tl
456 341 604 396 QUOMODO
628 341 752 389 contat
776 341 1000 389 luruauroees

192 455 392 544 agitavisset,
411 455 538 543 plebem
556 455 770 523 seditionibus
786 457 953 537 movisset,
971 455 1021 524 vel
1041 454 1119 521 foris
1137 455 1258 522 milites

194 562 443 644 sollicitavisset,
466 562 628 630 civitatem
653 562 849 651 prodidisset
867 562 1029 644 hostibus,
1048 572 1103 629 aut
1119 561 1260 651 denique

199 698 214 732 a
230 670 313 737 male
327 679 420 758 gesta
435 668 613 758 republica,
631 671 835 756 ruajestatem
855 670 963 759 populi
980 669 1104 736 renrani
1120 669 1260 736 minuis-

194 787 243 845 set
259 804 290 859 »,
307 779 335 844 is
348 777 419 864 lege
434 778 611 863 majestatis
625 798 700 844 reus
712 778 812 844 erat¹.

236 884 295 952 Ubi
323 906 399 952 vero
421 884 618 973 principatus
642 885 752 966 crevit,
780 906 850 951 mos
873 884 1071 953 invalescere
1099 883 1195 972 cepit
1219 895 1256 951 ut

194 992 354 1081 majestas
369 991 407 1058 de
424 992 542 1079 populo
558 991 599 1058 ad
614 993 842 1080 imperatorem
859 991 1123 1073 traduceretur²;
1146 991 1196 1059 via
1212 992 1257 1059 sic

195 1099 331 1165 immani
363 1098 545 1165 crudelitati
573 1111 684 1186 aperta
707 1109 768 1181 est,
791 1119 891 1188 qartrm
918 1099 995 1166 satis
1027 1108 1114 1165 esset
1141 1098 1260 1186 princi-

193 1227 267 1294 pem
285 1204 336 1274 vel
358 1205 511 1274 levissimi
531 1206 608 1272 dicti
628 1206 777 1282 aecrruine
796 1205 930 1288 offendi,
947 1216 983 1273 ut
1000 1206 1179 1293 majestatis
1195 1206 1259 1272 cri-

194 1314 275 1379 mini
300 1313 390 1379 locus
418 1321 505 1379 esset
530 1322 562 1379 et
586 1314 733 1380 materia.
764 1313 848 1380 Nihil
873 1312 961 1380 euim
985 1313 1195 1379 inhumanius
1221 1334 1259 1379 ea

193 1421 279 1507 lege,
298 1442 368 1508 qua
389 1421 478 1486 99191
502 1422 665 1487 Neronum
687 1430 718 1487 et
737 1420 993 1488 Domitianorum
1018 1420 1145 1486 libidini
1167 1419 1260 1486 obse·
1356 1467 1361 1475 1

195 1537 366 1617 queretur3
393 1527 490 1615 idque
513 1529 693 1616 pracsertim
718 1528 802 1594 iuter
826 1527 928 1594 bonos
954 1527 1122 1616 malosque
1142 1527 1260 1614 princi-

194 1656 252 1723 pes
269 1635 434 1716 intererat,
452 1634 539 1723 quod
555 1635 600 1700 illi
622 1634 755 1723 quidem
772 1635 843 1722 lege
859 1635 1040 1721 majestatis
1058 1634 1109 1702 vel
1123 1634 1258 1700 minime

193 1743 244 1810 vel
256 1763 350 1830 parce
367 1741 551 1824 utebantur,
567 1741 687 1809 bivero
704 1741 901 1808 delatoribus
917 1741 1065 1808 stimulos
1081 1739 1256 1808 addebant.

196 1848 330 1929 Quando
345 1848 495 1936 princeps
514 1870 618 1916 novus
632 1849 818 1938 opinionem
840 1849 1010 1915 conciliare
1034 1847 1195 1937 cupiebat,
1222 1869 1258 1914 ac

195 1956 271 2023 honi
286 1955 407 2044 publici
421 1955 562 2043 diligens
574 1955 674 2024 videri
693 1956 891 2038 observator,
912 1956 1072 2043 regnandi
1088 1955 1258 2022 exordium

112 2085 113 2092 ¹
194 2062 386 2152 plerumque
400 2062 549 2143 iaciebat,
568 2063 702 2130 crimina
718 2063 899 2150 majestatis
916 2063 1108 2130 abolendo³.

237 2170 403 2249 Quomodo
425 2170 575 2237 effectum
595 2179 644 2237 est
666 2181 701 2237 ut
724 2171 776 2238 lex
794 2171 985 2258 majestatis,
1002 2171 1126 2237 ultimis
1140 2169 1258 2258 lleipu-

193 2277 284 2344 blica
310 2277 511 2365 temporibus
535 2299 616 2366 pene
641 2277 797 2359 obsoleta,
825 2277 991 2367 deinceps,
1020 2299 1106 2344 nono
1132 2277 1258 2345 circiter

194 2384 361 2450 tiberiana
386 2383 585 2451 auctoritatis
613 2406 711 2468 9999,
736 2385 821 2452 vires
844 2385 1068 2474 resumpserit,
1098 2406 1135 2450 ac
1159 2385 1258 2453 vitam

193 2492 352 2580 cujusque
368 2491 591 2557 honestissimi
603 2492 752 2579 potestati
766 2492 948 2559 delatorum
960 2503 990 2559 et
1002 2491 1143 2559 ludibrio
1155 2490 1257 2558 tradi-

193 2598 298 2665 derit?
312 2601 429 2680 Quum,
451 2608 567 2665 senatu
583 2599 764 2688 populoque
783 2600 967 2667 volentibus
981 2600 1032 2668 rel
1044 2598 1253 2687 patientibus

193 2705 341 2773 Octavius
364 2727 400 2772 99
416 2705 564 2772 Tiberius
585 2706 732 2793 singulos
749 2706 934 2794 reipublice
948 2707 1161 2793 magistratus
1180 2727 1255 2773 cum

194 2813 270 2901 ipsis
291 2812 477 2879 nominibus
501 2812 533 2878 19
557 2834 590 2880 se
606 2814 818 2901 recepissent,
844 2835 956 2880 rerum
978 2835 1140 2880 summam
1164 2813 1257 2880 adse

194 2920 406 2987 retuleruntl.
439 2921 609 3002 Praeterea,
647 2921 830 3008 Augustus,
870 2921 1052 2987 tribunitiae
1080 2919 1258 3010 potestatis

192 3026 547 3109 vocabulum-finxerat,
576 3056 591 3088 «
610 3049 651 3094 ne
668 3029 756 3115 regis
777 3039 833 3094 aut
848 3029 1013 3096 dictatoris
1030 3049 1151 3095 nornen
1166 3049 1258 3094 assu-

194 3144 307 3214 meret,
322 3156 358 3200 ac
373 3144 483 3201 tamen
497 3134 709 3223 appellatione
726 3136 834 3224 aliqua
850 3135 1100 3224 ceteraimperia
1111 3136 1259 3224 praaemi-

194 3241 322 3322 neret³;
342 3268 358 3303 a
391 3263 494 3330 eoque
518 3252 623 3329 paeto,
650 3241 753 3330 plebis
779 3243 999 3330 magnitudini
1027 3243 1195 3324 suecessit,
1221 3263 1258 3308 ac

193 3348 463 3437 populiuuiversa
479 3349 523 3415 sic
531 3350 607 3436 jura
619 3359 650 3415 et
661 3349 853 3437 dignitatem
865 3351 942 3417 inse
959 3350 1100 3437 collegit,
1115 3360 1151 3416 ut
1163 3348 1258 3439 quid-

195 3454 286 3543 quid,
308 3455 358 3523 vel
370 3455 467 3537 lacto,
481 3455 533 3523 rel
548 3455 645 3538 dicto,
663 3456 818 3545 principis
839 3458 1001 3544 majestati
1016 3457 1255 3539 adversaretur,

227 3734 248 3780 1.
267 3734 332 3791 Tac,
349 3731 402 3780 loco
421 3733 482 3786 eil.,·
502 3733 596 3794 l'aulus,
620 3733 744 3794 8991991,
761 3750 784 3796 r,
798 3736 841 3794 29,
858 3734 963 3800 1119991,
980 3737 1005 3784 h.
1021 3737 1123 3795 11111111,
1136 3737 1161 3784 T.
1180 3734 1219 3793 IV,
1235 3737 1257 3794 1,

194 3807 206 3861 5
223 3806 252 3851 t:
268 3822 279 3846 e
295 3803 425 3864 protestaris
441 3805 528 3853 crimen
543 3803 601 3853 illud
621 3809 667 3866 est,
681 3807 742 3868 qarod
758 3807 873 3856 adversus
888 3806 1002 3870 populum
1017 3821 1149 3866 romanum,
1165 3804 1202 3855 vel
1219 3807 1259 3855 ad-

195 3887 279 3922 versus
292 3874 443 3923 securitatem
460 3877 510 3938 ejus
527 3876 690 3926 committitur.
704 3898 714 3919 n

227 3947 249 3993 2.
268 3948 334 4004 Tae,
348 3945 401 3994 loco
412 3947 455 3996 cit.
468 3951 491 3995 91
501 3947 608 4007 Arraei,
622 3949 707 4008 1v‚3l;
723 3951 830 4008 Sueten,
843 3950 965 4012 Tiberius,
980 3953 1023 4013 293
1040 3954 1085 4001 elc.

227 4016 249 4063 3.
270 4016 325 4064 Vide
345 4016 416 4076 intra,
436 4019 541 4080 pascua.
555 4019 590 4068 Cl.
610 4019 705 4082 iusuper
719 4022 745 4068 l).
766 4022 842 4080 Cass,
856 4036 927 4081 cxxv,
944 4023 970 4082 5;
986 4037 1083 4083 nxxvm,
1102 4024 1144 4084 19,
1160 4023 1256 4084 Herod,

195 4087 272 4143 11191,
286 4101 309 4144 v,
324 4088 350 4145 2;
367 4102 407 4148 vu,
423 4090 464 4146 1ὅ;
481 4089 565 4152 Capit,
582 4091 717 4148 Perticae,
732 4092 745 4137 6
760 4096 784 4141 91
796 4095 823 4153 1;
840 4095 884 4142 ete.

226 4160 248 4205 1.
268 4157 325 4205 Vide
339 4159 469 4220 praesertim
485 4160 512 4208 de
526 4174 553 4210 ea
568 4174 592 4209 re
605 4163 631 4209 1).
644 4162 760 4222 Cassium,
774 4178 822 4223 niu,
840 4167 877 4213 lt.

227 4228 248 4275 5.
268 4227 351 4289 Tacit,
366 4231 445 4289 Ante,
459 4244 492 4290 ur,
509 4232 546 4279 511.
561 4232 596 4280 Cf.
610 4231 683 4293 11111,
696 4248 713 4294 r,
727 4235 749 4295 2,
766 4235 788 4295 1,
801 4237 814 4284 9
829 4237 905 4297 9110;
919 4237 995 4298 mse,
1012 4252 1028 4297 r,
1039 4237 1078 4286 11.
