<?xml version="1.0" encoding="UTF-8"?>
<!DOCTYPE html PUBLIC "-//W3C//DTD XHTML 1.0 Transitional//EN"
    "http://www.w3.org/TR/xhtml1/DTD/xhtml1-transitional.dtd">
<html xmlns="http://www.w3.org/1999/xhtml" xml:lang="en" lang="en">
 <head>
  <title>
</title>
<meta http-equiv="Content-Type" content="text/html;charset=utf-8" />
  <meta name='ocr-system' content='tesseract 3.04.00' />
  <meta name='ocr-capabilities' content='ocr_page ocr_carea ocr_par ocr_line ocrx_word'/>
</head>
<body>
  <div class='ocr_page' id='page_1' title='image "./descriptorumacl00reurgoog_0030.png"; bbox 0 0 2916 4934; ppageno 0'>
   <div class='ocr_carea' id='block_1_1' title="bbox 236 299 916 358">
    <p class='ocr_par' dir='ltr' id='par_1_1' title="bbox 236 299 916 358">
     <span class='ocr_line' id='line_1_1' title="bbox 236 299 916 358; baseline 0.012 -8"><span class='ocrx_word' id='word_1_1' title='bbox 236 299 270 350; x_wconf 78' lang='lat' dir='ltr'><strong>2l</strong></span> <span class='ocrx_word' id='word_1_2' title='bbox 327 299 331 306; x_wconf 66' lang='grc'><strong>”</strong></span> <span class='ocrx_word' id='word_1_3' title='bbox 618 309 657 354; x_wconf 78' lang='lat' dir='ltr'><strong>DE</strong></span> <span class='ocrx_word' id='word_1_4' title='bbox 679 308 916 358; x_wconf 79' lang='lat' dir='ltr'><strong>seulrroutues</strong></span> 
     </span>
    </p>
   </div>
   <div class='ocr_carea' id='block_1_2' title="bbox 235 421 1306 2217">
    <p class='ocr_par' dir='ltr' id='par_1_2' title="bbox 235 421 1306 2217">
     <span class='ocr_line' id='line_1_2' title="bbox 235 421 1299 511; baseline -0.002 -23"><span class='ocrx_word' id='word_1_5' title='bbox 235 422 319 488; x_wconf 90' lang='lat' dir='ltr'><strong>hanc</strong></span> <span class='ocrx_word' id='word_1_6' title='bbox 339 421 542 488; x_wconf 72' lang='lat' dir='ltr'><strong>exstinxerit.</strong></span> <span class='ocrx_word' id='word_1_7' title='bbox 566 421 719 499; x_wconf 79' lang='lat' dir='ltr'><strong>Quisnam</strong></span> <span class='ocrx_word' id='word_1_8' title='bbox 739 443 835 510; x_wconf 89' lang='lat' dir='ltr'><strong>porro</strong></span> <span class='ocrx_word' id='word_1_9' title='bbox 863 432 911 489; x_wconf 86' lang='lat' dir='ltr'><strong>est</strong></span> <span class='ocrx_word' id='word_1_10' title='bbox 940 421 1162 511; x_wconf 90' lang='lat' dir='ltr'><strong>nequissimus</strong></span> <span class='ocrx_word' id='word_1_11' title='bbox 1186 433 1299 509; x_wconf 76' lang='lat' dir='ltr'><strong>tyron·</strong></span> 
     </span>
     <span class='ocr_line' id='line_1_3' title="bbox 235 527 1300 616; baseline 0 -22"><span class='ocrx_word' id='word_1_12' title='bbox 235 549 309 610; x_wconf 79' lang='lat' dir='ltr'><strong>nris,</strong></span> <span class='ocrx_word' id='word_1_13' title='bbox 336 527 441 594; x_wconf 90' lang='lat' dir='ltr'><strong>edicta</strong></span> <span class='ocrx_word' id='word_1_14' title='bbox 464 527 550 595; x_wconf 82' lang='lat' dir='ltr'><strong>loeda</strong></span> <span class='ocrx_word' id='word_1_15' title='bbox 574 528 732 610; x_wconf 88' lang='lat' dir='ltr'><strong>scribens,</strong></span> <span class='ocrx_word' id='word_1_16' title='bbox 757 527 843 595; x_wconf 78' lang='lat' dir='ltr'><strong>cade</strong></span> <span class='ocrx_word' id='word_1_17' title='bbox 867 549 1036 616; x_wconf 91' lang='lat' dir='ltr'><strong>respersus</strong></span> <span class='ocrx_word' id='word_1_18' title='bbox 1060 528 1192 609; x_wconf 92' lang='lat' dir='ltr'><strong>civium,</strong></span> <span class='ocrx_word' id='word_1_19' title='bbox 1213 527 1300 594; x_wconf 87' lang='lat' dir='ltr'><strong>vitiis</strong></span> 
     </span>
     <span class='ocr_line' id='line_1_4' title="bbox 237 634 1300 724; baseline 0 -24"><span class='ocrx_word' id='word_1_20' title='bbox 237 643 269 701; x_wconf 88' lang='lat' dir='ltr'><strong>et</strong></span> <span class='ocrx_word' id='word_1_21' title='bbox 293 634 426 721; x_wconf 81' lang='lat' dir='ltr'><strong>flagitiis</strong></span> <span class='ocrx_word' id='word_1_22' title='bbox 455 634 651 702; x_wconf 79' lang='lat' dir='ltr'>omnimodis</span> <span class='ocrx_word' id='word_1_23' title='bbox 683 635 883 724; x_wconf 90' lang='lat' dir='ltr'><strong>inquinatus,</strong></span> <span class='ocrx_word' id='word_1_24' title='bbox 915 636 971 723; x_wconf 92' lang='lat' dir='ltr'><strong>qui</strong></span> <span class='ocrx_word' id='word_1_25' title='bbox 1003 635 1157 701; x_wconf 87' lang='lat' dir='ltr'><strong>mulieres</strong></span> <span class='ocrx_word' id='word_1_26' title='bbox 1189 644 1300 722; x_wconf 91' lang='lat' dir='ltr'><strong>stupro</strong></span> 
     </span>
     <span class='ocr_line' id='line_1_5' title="bbox 236 739 1299 830; baseline -0.001 -23"><span class='ocrx_word' id='word_1_27' title='bbox 236 741 425 829; x_wconf 75' lang='lat' dir='ltr'>corrumpit,</span> <span class='ocrx_word' id='word_1_28' title='bbox 443 742 608 828; x_wconf 79' lang='lat' dir='ltr'><strong>uirginum</strong></span> <span class='ocrx_word' id='word_1_29' title='bbox 626 742 803 809; x_wconf 86' lang='lat' dir='ltr'><strong>Vestalium</strong></span> <span class='ocrx_word' id='word_1_30' title='bbox 821 744 950 830; x_wconf 81' lang='lat' dir='ltr'><strong>nuptias</strong></span> <span class='ocrx_word' id='word_1_31' title='bbox 965 742 1175 830; x_wconf 81' lang='lat' dir='ltr'><strong>concupiscit,</strong></span> <span class='ocrx_word' id='word_1_32' title='bbox 1188 739 1299 828; x_wconf 88' lang='lat' dir='ltr'><strong>juhet-</strong></span> 
     </span>
     <span class='ocr_line' id='line_1_6' title="bbox 238 847 1297 937; baseline 0 -23"><span class='ocrx_word' id='word_1_33' title='bbox 238 869 301 935; x_wconf 89' lang='lat' dir='ltr'><strong>que</strong></span> <span class='ocrx_word' id='word_1_34' title='bbox 324 857 475 936; x_wconf 88' lang='lat' dir='ltr'><strong>parentes</strong></span> <span class='ocrx_word' id='word_1_35' title='bbox 497 848 642 915; x_wconf 88' lang='lat' dir='ltr'><strong>aliheris</strong></span> <span class='ocrx_word' id='word_1_36' title='bbox 666 849 792 916; x_wconf 85' lang='lat' dir='ltr'><strong>occidi‘l</strong></span> <span class='ocrx_word' id='word_1_37' title='bbox 815 849 1006 916; x_wconf 85' lang='lat' dir='ltr'><strong>Dicemusne</strong></span> <span class='ocrx_word' id='word_1_38' title='bbox 1031 860 1191 937; x_wconf 79' lang='lat' dir='ltr'><strong>tyrannos</strong></span> <span class='ocrx_word' id='word_1_39' title='bbox 1213 847 1297 927; x_wconf 90' lang='lat' dir='ltr'><strong>illos,</strong></span> 
     </span>
     <span class='ocr_line' id='line_1_7' title="bbox 237 953 1300 1044; baseline 0 -24"><span class='ocrx_word' id='word_1_40' title='bbox 237 954 324 1044; x_wconf 89' lang='lat' dir='ltr'><strong>apud</strong></span> <span class='ocrx_word' id='word_1_41' title='bbox 339 955 505 1021; x_wconf 75' lang='lat' dir='ltr'><strong>rhetorum</strong></span> <span class='ocrx_word' id='word_1_42' title='bbox 520 955 646 1022; x_wconf 91' lang='lat' dir='ltr'><strong>scholas</strong></span> <span class='ocrx_word' id='word_1_43' title='bbox 659 955 810 1037; x_wconf 86' lang='lat' dir='ltr'><strong>infames,</strong></span> <span class='ocrx_word' id='word_1_44' title='bbox 827 955 909 1021; x_wconf 93' lang='lat' dir='ltr'><strong>nihil</strong></span> <span class='ocrx_word' id='word_1_45' title='bbox 924 954 1013 1022; x_wconf 90' lang='lat' dir='ltr'><strong>aliud</strong></span> <span class='ocrx_word' id='word_1_46' title='bbox 1027 954 1128 1021; x_wconf 86' lang='lat' dir='ltr'><strong>luisse</strong></span> <span class='ocrx_word' id='word_1_47' title='bbox 1146 975 1182 1021; x_wconf 89' lang='lat' dir='ltr'><strong>ao</strong></span> <span class='ocrx_word' id='word_1_48' title='bbox 1197 953 1300 1020; x_wconf 90' lang='lat' dir='ltr'><strong>malos</strong></span> 
     </span>
     <span class='ocr_line' id='line_1_8' title="bbox 238 1059 1301 1150; baseline -0.001 -24"><span class='ocrx_word' id='word_1_49' title='bbox 238 1060 412 1149; x_wconf 80' lang='lat' dir='ltr'><strong>principes,</strong></span> <span class='ocrx_word' id='word_1_50' title='bbox 438 1061 495 1149; x_wconf 91' lang='lat' dir='ltr'><strong>qui</strong></span> <span class='ocrx_word' id='word_1_51' title='bbox 517 1061 631 1128; x_wconf 83' lang='lat' dir='ltr'><strong>urbem</strong></span> <span class='ocrx_word' id='word_1_52' title='bbox 654 1072 685 1128; x_wconf 87' lang='lat' dir='ltr'><strong>et</strong></span> <span class='ocrx_word' id='word_1_53' title='bbox 706 1061 878 1150; x_wconf 91' lang='lat' dir='ltr'><strong>imperium</strong></span> <span class='ocrx_word' id='word_1_54' title='bbox 902 1060 1135 1129; x_wconf 87' lang='lat' dir='ltr'><strong>vexavissent‘l</strong></span> <span class='ocrx_word' id='word_1_55' title='bbox 1157 1059 1301 1148; x_wconf 91' lang='lat' dir='ltr'><strong>Nequid-</strong></span> 
     </span>
     <span class='ocr_line' id='line_1_9' title="bbox 239 1166 1302 1256; baseline -0.002 -22"><span class='ocrx_word' id='word_1_56' title='bbox 239 1188 338 1256; x_wconf 90' lang='lat' dir='ltr'><strong>quam</strong></span> <span class='ocrx_word' id='word_1_57' title='bbox 359 1167 543 1250; x_wconf 90' lang='lat' dir='ltr'><strong>credimus;</strong></span> <span class='ocrx_word' id='word_1_58' title='bbox 567 1189 646 1235; x_wconf 94' lang='lat' dir='ltr'><strong>num</strong></span> <span class='ocrx_word' id='word_1_59' title='bbox 662 1169 863 1256; x_wconf 87' lang='lat' dir='ltr'><strong>permitteret</strong></span> <span class='ocrx_word' id='word_1_60' title='bbox 880 1168 1080 1236; x_wconf 89' lang='lat' dir='ltr'><strong>Domitianus</strong></span> <span class='ocrx_word' id='word_1_61' title='bbox 1100 1166 1250 1254; x_wconf 80' lang='lat' dir='ltr'><strong>Caligulae</strong></span> <span class='ocrx_word' id='word_1_62' title='bbox 1266 1188 1302 1232; x_wconf 92' lang='lat' dir='ltr'><strong>ao</strong></span> 
     </span>
     <span class='ocr_line' id='line_1_10' title="bbox 238 1274 1302 1364; baseline -0.001 -24"><span class='ocrx_word' id='word_1_63' title='bbox 238 1274 375 1341; x_wconf 90' lang='lat' dir='ltr'><strong>Neronis</strong></span> <span class='ocrx_word' id='word_1_64' title='bbox 389 1275 476 1363; x_wconf 89' lang='lat' dir='ltr'><strong>carpi</strong></span> <span class='ocrx_word' id='word_1_65' title='bbox 486 1275 587 1342; x_wconf 86' lang='lat' dir='ltr'><strong>vitam</strong></span> <span class='ocrx_word' id='word_1_66' title='bbox 598 1277 606 1309; x_wconf 89' lang='lat'><strong>¹</strong></span> <span class='ocrx_word' id='word_1_67' title='bbox 619 1274 929 1364; x_wconf 74' lang='lat' dir='ltr'><strong>‘impatientissimi</strong></span> <span class='ocrx_word' id='word_1_68' title='bbox 941 1274 1075 1363; x_wconf 87' lang='lat' dir='ltr'><strong>quidem</strong></span> <span class='ocrx_word' id='word_1_69' title='bbox 1088 1274 1302 1362; x_wconf 89' lang='lat' dir='ltr'><strong>imperatores</strong></span> 
     </span>
     <span class='ocr_line' id='line_1_11' title="bbox 239 1380 1304 1462; baseline -0.001 -15"><span class='ocrx_word' id='word_1_70' title='bbox 239 1382 325 1448; x_wconf 86' lang='lat' dir='ltr'><strong>hano</strong></span> <span class='ocrx_word' id='word_1_71' title='bbox 347 1380 569 1448; x_wconf 86' lang='lat' dir='ltr'><strong>turbulentam</strong></span> <span class='ocrx_word' id='word_1_72' title='bbox 595 1382 778 1448; x_wconf 88' lang='lat' dir='ltr'><strong>scholarum</strong></span> <span class='ocrx_word' id='word_1_73' title='bbox 805 1383 968 1449; x_wconf 90' lang='lat' dir='ltr'><strong>licentiam</strong></span> <span class='ocrx_word' id='word_1_74' title='bbox 997 1382 1161 1462; x_wconf 90' lang='lat' dir='ltr'><strong>tulissent,</strong></span> <span class='ocrx_word' id='word_1_75' title='bbox 1191 1380 1304 1446; x_wconf 86' lang='lat' dir='ltr'><strong>laetio-</strong></span> 
     </span>
     <span class='ocr_line' id='line_1_12' title="bbox 240 1487 1302 1577; baseline -0.001 -24"><span class='ocrx_word' id='word_1_76' title='bbox 240 1509 318 1554; x_wconf 92' lang='lat' dir='ltr'><strong>num</strong></span> <span class='ocrx_word' id='word_1_77' title='bbox 340 1489 513 1555; x_wconf 86' lang='lat' dir='ltr'><strong>nutricem.</strong></span> <span class='ocrx_word' id='word_1_78' title='bbox 530 1489 657 1556; x_wconf 84' lang='lat' dir='ltr'><strong>Fiotum</strong></span> <span class='ocrx_word' id='word_1_79' title='bbox 677 1489 777 1574; x_wconf 82' lang='lat' dir='ltr'><strong>igitur</strong></span> <span class='ocrx_word' id='word_1_80' title='bbox 796 1488 951 1577; x_wconf 85' lang='lat' dir='ltr'><strong>quiddam</strong></span> <span class='ocrx_word' id='word_1_81' title='bbox 975 1499 1007 1555; x_wconf 89' lang='lat' dir='ltr'><strong>et</strong></span> <span class='ocrx_word' id='word_1_82' title='bbox 1030 1487 1302 1566; x_wconf 87' lang='lat' dir='ltr'><strong>commentitium,</strong></span> 
     </span>
     <span class='ocr_line' id='line_1_13' title="bbox 242 1593 1304 1683; baseline -0.001 -24"><span class='ocrx_word' id='word_1_83' title='bbox 242 1614 363 1660; x_wconf 86' lang='lat' dir='ltr'><strong>nornen</strong></span> <span class='ocrx_word' id='word_1_84' title='bbox 378 1616 466 1662; x_wconf 89' lang='lat' dir='ltr'><strong>mere</strong></span> <span class='ocrx_word' id='word_1_85' title='bbox 480 1595 637 1663; x_wconf 89' lang='lat' dir='ltr'><strong>lusorium</strong></span> <span class='ocrx_word' id='word_1_86' title='bbox 652 1606 721 1662; x_wconf 87' lang='lat' dir='ltr'><strong>erat</strong></span> <span class='ocrx_word' id='word_1_87' title='bbox 732 1596 784 1662; x_wconf 90' lang='lat' dir='ltr'><strong>ille</strong></span> <span class='ocrx_word' id='word_1_88' title='bbox 799 1597 993 1683; x_wconf 77' lang='lat' dir='ltr'><strong>tyrannus²,</strong></span> <span class='ocrx_word' id='word_1_89' title='bbox 1010 1605 1045 1661; x_wconf 89' lang='lat' dir='ltr'><strong>ut</strong></span> <span class='ocrx_word' id='word_1_90' title='bbox 1058 1594 1086 1661; x_wconf 89' lang='lat' dir='ltr'><strong>is</strong></span> <span class='ocrx_word' id='word_1_91' title='bbox 1102 1614 1199 1683; x_wconf 93' lang='lat' dir='ltr'><strong>quem</strong></span> <span class='ocrx_word' id='word_1_92' title='bbox 1215 1593 1304 1659; x_wconf 89' lang='lat' dir='ltr'><strong>Plato</strong></span> 
     </span>
     <span class='ocr_line' id='line_1_14' title="bbox 241 1701 1305 1791; baseline 0 -25"><span class='ocrx_word' id='word_1_93' title='bbox 241 1701 275 1766; x_wconf 95' lang='lat' dir='ltr'><strong>in</strong></span> <span class='ocrx_word' id='word_1_94' title='bbox 296 1701 363 1768; x_wconf 90' lang='lat' dir='ltr'><strong>suis</strong></span> <span class='ocrx_word' id='word_1_95' title='bbox 384 1705 433 1767; x_wconf 87' lang='lat' dir='ltr'><strong>Dc</strong></span> <span class='ocrx_word' id='word_1_96' title='bbox 447 1701 627 1791; x_wconf 79' lang='lat' dir='ltr'><strong>Republica</strong></span> <span class='ocrx_word' id='word_1_97' title='bbox 642 1702 732 1770; x_wconf 87' lang='lat' dir='ltr'><strong>libris</strong></span> <span class='ocrx_word' id='word_1_98' title='bbox 748 1702 885 1769; x_wconf 84' lang='lat' dir='ltr'><strong>effinxit.</strong></span> <span class='ocrx_word' id='word_1_99' title='bbox 905 1704 1070 1783; x_wconf 81' lang='lat' dir='ltr'><strong>Attamen,</strong></span> <span class='ocrx_word' id='word_1_100' title='bbox 1090 1721 1191 1790; x_wconf 90' lang='lat' dir='ltr'><strong>quum</strong></span> <span class='ocrx_word' id='word_1_101' title='bbox 1208 1701 1305 1788; x_wconf 89' lang='lat' dir='ltr'><strong>juve·</strong></span> 
     </span>
     <span class='ocr_line' id='line_1_15' title="bbox 242 1806 1304 1902; baseline -0.003 -29"><span class='ocrx_word' id='word_1_102' title='bbox 242 1829 301 1874; x_wconf 91' lang='lat' dir='ltr'><strong>nes</strong></span> <span class='ocrx_word' id='word_1_103' title='bbox 336 1808 574 1890; x_wconf 82' lang='lat' dir='ltr'><strong>ardentissimi,</strong></span> <span class='ocrx_word' id='word_1_104' title='bbox 610 1820 829 1899; x_wconf 87' lang='lat' dir='ltr'><strong>praetereaque</strong></span> <span class='ocrx_word' id='word_1_105' title='bbox 866 1809 1085 1897; x_wconf 86' lang='lat' dir='ltr'><strong>periculorum</strong></span> <span class='ocrx_word' id='word_1_106' title='bbox 1129 1806 1304 1902; x_wconf 88' lang='lat' dir='ltr'><strong>incuriosi,</strong></span> 
     </span>
     <span class='ocr_line' id='line_1_16' title="bbox 243 1912 1305 2004; baseline -0.001 -25"><span class='ocrx_word' id='word_1_107' title='bbox 243 1914 423 2001; x_wconf 84' lang='lat' dir='ltr'><strong>splendidis</strong></span> <span class='ocrx_word' id='word_1_108' title='bbox 446 1915 553 1983; x_wconf 87' lang='lat' dir='ltr'><strong>verbis</strong></span> <span class='ocrx_word' id='word_1_109' title='bbox 573 1917 606 1982; x_wconf 94' lang='lat' dir='ltr'><strong>in</strong></span> <span class='ocrx_word' id='word_1_110' title='bbox 628 1926 804 2004; x_wconf 84' lang='lat' dir='ltr'><strong>tyrannum</strong></span> <span class='ocrx_word' id='word_1_111' title='bbox 824 1916 1115 1997; x_wconf 87' lang='lat' dir='ltr'><strong>debaccharentur,</strong></span> <span class='ocrx_word' id='word_1_112' title='bbox 1139 1912 1305 2003; x_wconf 91' lang='lat' dir='ltr'><strong>quomodo</strong></span> 
     </span>
     <span class='ocr_line' id='line_1_17' title="bbox 242 2018 1306 2112; baseline -0.002 -25"><span class='ocrx_word' id='word_1_113' title='bbox 242 2041 309 2087; x_wconf 90' lang='lat' dir='ltr'><strong>non</strong></span> <span class='ocrx_word' id='word_1_114' title='bbox 335 2021 400 2088; x_wconf 86' lang='lat' dir='ltr'><strong>ictu</strong></span> <span class='ocrx_word' id='word_1_115' title='bbox 431 2021 563 2112; x_wconf 92' lang='lat' dir='ltr'><strong>obliquo</strong></span> <span class='ocrx_word' id='word_1_116' title='bbox 590 2024 734 2091; x_wconf 85' lang='lat' dir='ltr'><strong>veriores</strong></span> <span class='ocrx_word' id='word_1_117' title='bbox 764 2033 921 2112; x_wconf 80' lang='lat' dir='ltr'><strong>tyrannos</strong></span> <span class='ocrx_word' id='word_1_118' title='bbox 950 2023 1154 2110; x_wconf 83' lang='lat' dir='ltr'><strong>attigissent,</strong></span> <span class='ocrx_word' id='word_1_119' title='bbox 1186 2020 1214 2087; x_wconf 89' lang='lat' dir='ltr'><strong>si</strong></span> <span class='ocrx_word' id='word_1_120' title='bbox 1249 2018 1306 2108; x_wconf 91' lang='lat' dir='ltr'><strong>qui</strong></span> 
     </span>
     <span class='ocr_line' id='line_1_18' title="bbox 242 2129 917 2217; baseline 0.003 -23"><span class='ocrx_word' id='word_1_121' title='bbox 242 2130 386 2195; x_wconf 87' lang='lat' dir='ltr'><strong>Nerones</strong></span> <span class='ocrx_word' id='word_1_122' title='bbox 407 2129 641 2217; x_wconf 91' lang='lat' dir='ltr'><strong>rempublicam</strong></span> <span class='ocrx_word' id='word_1_123' title='bbox 665 2129 917 2197; x_wconf 64' lang='lat' dir='ltr'><strong>lacessissentl‘l</strong></span> 
     </span>
    </p>
   </div>
   <div class='ocr_carea' id='block_1_3' title="bbox 277 2439 988 2646">
    <p class='ocr_par' dir='ltr' id='par_1_3' title="bbox 277 2439 988 2646">
     <span class='ocr_line' id='line_1_19' title="bbox 280 2439 725 2506; baseline 0.007 -19"><span class='ocrx_word' id='word_1_124' title='bbox 280 2442 301 2488; x_wconf 90' lang='lat' dir='ltr'><strong>l.</strong></span> <span class='ocrx_word' id='word_1_125' title='bbox 320 2439 378 2489; x_wconf 82' lang='lat' dir='ltr'><strong>l&#39;ide</strong></span> <span class='ocrx_word' id='word_1_126' title='bbox 394 2439 463 2500; x_wconf 79' lang='lat' dir='ltr'><strong>Plin,</strong></span> <span class='ocrx_word' id='word_1_127' title='bbox 480 2440 577 2503; x_wconf 79' lang='lat' dir='ltr'><strong>Ponep.</strong></span> <span class='ocrx_word' id='word_1_128' title='bbox 591 2441 673 2506; x_wconf 77' lang='lat' dir='ltr'><strong>Trnj,</strong></span> <span class='ocrx_word' id='word_1_129' title='bbox 688 2441 725 2491; x_wconf 81' lang='lat'><strong>53.</strong></span> 
     </span>
     <span class='ocr_line' id='line_1_20' title="bbox 279 2510 614 2574; baseline 0.006 -16"><span class='ocrx_word' id='word_1_130' title='bbox 279 2511 300 2558; x_wconf 82' lang='lat'><strong>2.</strong></span> <span class='ocrx_word' id='word_1_131' title='bbox 320 2510 353 2559; x_wconf 85' lang='lat' dir='ltr'><strong>Cl.</strong></span> <span class='ocrx_word' id='word_1_132' title='bbox 373 2512 448 2570; x_wconf 84' lang='lat' dir='ltr'><strong>Pers,</strong></span> <span class='ocrx_word' id='word_1_133' title='bbox 464 2524 497 2567; x_wconf 88' lang='lat' dir='ltr'><strong>nr,</strong></span> <span class='ocrx_word' id='word_1_134' title='bbox 518 2511 548 2559; x_wconf 76' lang='lat'><strong>35</strong></span> <span class='ocrx_word' id='word_1_135' title='bbox 562 2525 614 2574; x_wconf 91' lang='lat' dir='ltr'><strong>sqq.</strong></span> 
     </span>
     <span class='ocr_line' id='line_1_21' title="bbox 277 2581 988 2646; baseline 0.004 -17"><span class='ocrx_word' id='word_1_136' title='bbox 277 2583 299 2630; x_wconf 85' lang='lat'><strong>3.</strong></span> <span class='ocrx_word' id='word_1_137' title='bbox 318 2582 376 2630; x_wconf 78' lang='lat' dir='ltr'><strong>Vide</strong></span> <span class='ocrx_word' id='word_1_138' title='bbox 389 2581 464 2630; x_wconf 92' lang='lat' dir='ltr'><strong>locum</strong></span> <span class='ocrx_word' id='word_1_139' title='bbox 487 2585 516 2631; x_wconf 85' lang='lat' dir='ltr'><strong>D.</strong></span> <span class='ocrx_word' id='word_1_140' title='bbox 532 2583 598 2633; x_wconf 86' lang='lat' dir='ltr'><strong>Cass.</strong></span> <span class='ocrx_word' id='word_1_141' title='bbox 612 2583 693 2645; x_wconf 80' lang='lat' dir='ltr'><strong>(cxvii,</strong></span> <span class='ocrx_word' id='word_1_142' title='bbox 711 2584 758 2646; x_wconf 78' lang='lat'><strong>12),</strong></span> <span class='ocrx_word' id='word_1_143' title='bbox 774 2583 988 2646; x_wconf 83' lang='lat' dir='ltr'><strong>supralaudatum.</strong></span> 
     </span>
    </p>
   </div>
   <div class='ocr_carea' id='block_1_4' title="bbox 0 0 1482 4934">
    <p class='ocr_par' dir='ltr' id='par_1_4' title="bbox 0 0 1482 4934">
     <span class='ocr_line' id='line_1_22' title="bbox 0 0 1482 4934; baseline 0 0"><span class='ocrx_word' id='word_1_144' title='bbox 0 0 1482 4934; x_wconf 95' lang='lat' dir='ltr'><strong> </strong></span> 
     </span>
    </p>
   </div>
  </div>
 </body>
</html>
