2916 4934
194 337 248 389 lot
453 343 603 397 QUOMODO
626 339 751 387 ROMANI
774 338 998 387 turunarouus

691 859 761 950 §V

211 1038 213 1043 ’
314 1055 375 1117 De
393 1052 609 1118 Antoninis
630 1068 680 1118 ac
699 1051 907 1132 praecipue
927 1049 1139 1116 Hadriano

246 1304 422 1370 Suetonius
447 1302 612 1369 memoriae
632 1299 786 1389 prodidit,
803 1299 837 1365 in
851 1300 965 1366 ultimo
990 1302 1159 1368 Caesarum
1181 1299 1263 1368 arti-

193 1410 277 1492 culo,
292 1410 510 1477 Domitianum
526 1409 737 1494 excogitasse,
751 1427 808 1494 per
819 1408 957 1489 somnia,
971 1428 1005 1474 se
1016 1417 1089 1495 post
1099 1408 1260 1474 cervicem

194 1537 328 1583 aureum
347 1537 461 1603 gerere
477 1515 626 1602 gibbum,
644 1513 784 1602 indeque
801 1513 1003 1601 portendisse
1019 1514 1170 1580 meliores
1185 1523 1261 1602 post

200 1645 233 1690 se
246 1623 373 1690 futuros
394 1644 464 1689 esse
486 1623 711 1710 imperatores,
736 1641 773 1686 ac
789 1620 967 1687 feliciorem
988 1620 1056 1687 fore
1074 1619 1261 1709 reipublicae

202 1739 336 1812 statum,
355 1756 370 1791 o
393 1729 476 1796 sicut
495 1751 572 1796 sane
594 1728 685 1795 brevi
703 1728 821 1810 evenit,
843 1727 1042 1794 abstinentia
1056 1737 1088 1794 et
1108 1727 1263 1795 modera-

194 1837 282 1903 tione
307 1837 549 1924 insequentium
573 1835 773 1923 principum¹
800 1861 832 1900 ».
859 1837 997 1901 AEtatem
1023 1833 1109 1900 enim
1137 1855 1261 1921 aggre-

194 1943 304 2010 dimur
317 1943 414 2030 longa
429 1964 507 2031 pace
524 1942 707 2008 animorum
717 1941 894 2028 insignem,
913 1963 983 2029 quac
996 1943 1049 2008 vix
1065 1941 1261 2030 scriptorum

200 2051 398 2118 calamitates
417 2049 611 2116 edissereuti
627 2049 805 2137 quidquam
822 2048 995 2115 dicendum
1016 2049 1190 2142 relinquat.

240 2156 301 2223 Ubi
310 2157 453 2245 primum
465 2156 666 2223 Domitianus
677 2155 829 2237 concidit,
841 2176 878 2222 ac
893 2176 1019 2222 summa
1029 2176 1138 2222 rerum
1148 2158 1262 2224 Nervae

199 2285 342 2351 moxque
358 2263 488 2350 Trajani
503 2263 536 2329 in
553 2283 670 2330 manus
689 2263 789 2344 venit,
812 2262 920 2329 omnia
941 2262 1048 2329 studia
1062 2262 1157 2350 paulo
1179 2262 1263 2331 libe-

192 2369 291 2452 riora,
309 2395 325 2432 u
336 2391 407 2458 quae
416 2369 946 2457 priorumtemporumimmanitas
956 2369 1076 2436 exsiliis
1087 2369 1259 2457 puniebat,

205 2477 367 2564 spiritum,
393 2486 424 2542 et
443 2477 650 2563 sanguinem,
678 2486 708 2542 et
729 2477 868 2563 patriam
897 2478 1108 2564 receperunt²
1135 2503 1168 2544 a.
1198 2479 1264 2544 Ex-

202 2583 319 2650 stincta
335 2583 624 2671 quadruplatorum
638 2583 812 2665 delatione,
831 2584 959 2650 exsules
981 2583 1015 2649 in
1038 2584 1263 2653 civitatem'ac

193 2689 280 2756 bona
302 2711 361 2756 sua
379 2689 519 2756 restituti
544 2689 650 2771 sunt³,
677 2692 844 2779 Nervaque
856 2692 1071 2779 jurejurando
1087 2691 1263 2760 affirmavit

202 2817 237 2864 se
252 2818 420 2885 nunquam
434 2797 536 2863 ullum
553 2819 569 2863 e
586 2797 791 2864 senatoribus
806 2797 839 2862 in
855 2818 987 2864 causam
1001 2798 1181 2886 majestatis
1201 2799 1263 2867 de-

197 2903 371 2970 laturum‘.
395 2906 504 2991 Neque
525 2904 688 2993 plerisque
713 2905 791 2970 satis
810 2903 937 2986 suisset,
960 2903 1086 2972 diutina
1105 2905 1261 2975 servitute

194 3009 304 3076 fractis
321 3019 352 3076 et
366 3011 523 3091 contusis,
541 3010 724 3077 libertatem
736 3032 955 3099 recuperasse,
973 3011 1037 3078 nisi
1050 3012 1146 3079 etiam
1161 3012 1262 3081 dede-

201 3137 310 3183 coram
333 3116 491 3184 libertatis
511 3118 794 3206 intemperantiam
815 3128 1045 3201 ostentassent,
1070 3141 1107 3186 ac
1125 3118 1263 3188 deiunc-

198 3232 269 3290 tum
293 3233 481 3312 tyrannum,
506 3224 603 3290 modo
624 3246 706 3312 pene
732 3225 915 3306 adoratum,
935 3226 1024 3292 omni
1039 3227 1262 3296 conviciorum

198 3351 318 3417 genere
332 3331 540 3398 lacerassent.
554 3331 644 3397 Multi
657 3331 745 3397 enim
759 3353 797 3398 ex
808 3333 848 3398 iis
864 3333 960 3399 etiam
977 3334 1032 3421 qui
1046 3333 1189 3401 maxime
1203 3337 1264 3403 llo-

197 3437 322 3504 mitiani
336 3437 535 3504 crudelitatis
553 3437 696 3504 fautores
711 3437 853 3521 fuerant,
869 3440 1075 3528 simulatque
1093 3461 1167 3507 eum
1186 3462 1261 3511 esse

204 3544 438 3632 interemptum
460 3565 572 3611 rumor
593 3566 650 3632 per
665 3545 780 3612 urbem
800 3545 974 3629 increbuit,
991 3547 1024 3612 in
1041 3547 1163 3615 curiam
1184 3568 1264 3615 con·

195 3661 374 3732 currentes,
389 3661 664 3740 assurgentesque
677 3653 711 3718 in
722 3661 888 3719 mortuum
897 3653 1088 3743 principem,
1103 3653 1207 3721 scalas
1218 3655 1262 3722 ad

203 3756 331 3845 publica
346 3767 560 3824 monumenta
575 3759 704 3847 apponi,
722 3768 754 3825 et
765 3760 926 3848 imagines
946 3761 1017 3849 ejus
1037 3760 1163 3828 detrahi
1183 3783 1263 3829 con·

226 3998 249 4044 l.
268 3995 442 4056 Domitianam,
461 3996 510 4045 ult.

226 4065 250 4114 2.
268 4065 337 4126 nin,
351 4068 446 4130 Puneq.
463 4068 581 4131 Trujunr',
598 4069 635 4116 lt.

227 4137 250 4184 3.
270 4137 356 4185 Paulus
371 4139 449 4197 Oros,
464 4138 543 4199 Hist,
560 4153 601 4199 vn,
617 4140 653 4189 ll.
672 4139 707 4188 Cl.
727 4142 820 4203 zenan,
833 4141 941 4205 donat,
952 4159 985 4206 n,
999 4145 1041 4207 203
1056 4146 1100 4196 etc.

228 4208 251 4256 t.
269 4206 313 4256 Dic
326 4208 492 4270 Cass.,nxvn1,
508 4210 530 4257 2.
543 4208 577 4258 Cl.
593 4222 675 4267 nxvru,
691 4212 714 4258 5.
