2916 4934
235 368 267 420 48
618 375 657 419 Dll
680 370 917 419 SCRIPTOlllBUS

229 491 398 558 9911911119
422 487 538 555 fabulae
564 508 705 567 9919199,
728 486 905 552 sceleribus
925 486 1060 573 insuper
1078 485 1209 552 insertis
1225 507 1296 574 quae

230 600 311 664 Nero
321 595 444 685 passim
454 597 488 660 in
499 614 650 682 proceres
663 591 810 659 admisit¹
824 615 831 673 ;
849 614 888 658 ex
898 591 966 681 quo
979 591 1183 679 suspicamur
1196 595 1297 659 Octa-

229 704 320 769 viam
336 725 354 768 a
371 702 487 769 cliente
502 696 620 767 domus
644 698 763 766 nobilis
783 698 936 786 scriptam
952 719 1036 765 esse.
1055 697 1124 779 llle,
1147 699 1296 786 quisquis

230 820 290 891 est,
305 809 360 898 qui
374 807 516 874 labulam
532 805 689 886 condidit,
707 805 914 893 potissimum
931 806 964 870 in
981 825 1019 870 eo
1034 804 1193 886 incubuit,
1211 814 1248 872 ut
1262 805 1297 872 in

230 920 391 984 Neronem
421 914 532 981 odium
568 914 685 1000 ingens
714 920 946 991 commoveret,
978 932 1119 999 cumque
1139 920 1296 999 tanquam

232 1021 509 1089 immanissimum
523 1020 657 1086 humani
674 1019 804 1106 generis
818 1018 945 1084 hostem
962 1017 1145 1105 effingeret.
1167 1019 1298 1086 Octavia

232 1130 359 1197 nullum
370 1127 572 1195 hahetfruem
583 1126 754 1192 allatrandi
763 1127 936 1206 Neronem,
949 1122 1153 1212 vovendique
1165 1124 1294 1193 inferis:

362 1295 467 1345 Utinam
483 1295 592 1344 notandi
607 1293 736 1357 principis
751 1293 841 1343 dirum
856 1297 936 1356 caput

360 1368 479 1416 Obruere
495 1366 609 1415 11999919
620 1365 744 1414 Coclitum
757 1366 852 1414 Rector
866 1366 953 1428 paret!

405 1439 486 1486 Poena
498 1450 561 1485 narn
575 1436 683 1499 gravior
696 1449 759 1484 9999
772 1439 811 1484 991

361 1508 457 1558 Videre
472 1507 591 1556 tumidos
608 1511 633 1556 et
649 1510 738 1555 truces
751 1508 855 1556 miscrae
869 1506 935 1555 mihi

361 1580 457 1628 Vultus
472 1573 588 1642 tyra'nni,
601 1579 715 1643 jungere
729 1581 809 1641 atque
822 1577 892 1627 hosti
907 1578 1006 1639 oscula,

362 1650 465 1698 Timere
480 1651 587 1698 nutus².

281 1818 346 1886 lllac
373 1817 506 1908 quidem
533 1817 746 1884 limatissimac
775 1817 904 1899 fabulae,
931 1818 965 1884 in
987 1818 1209 1886 recitationem
1234 1819 1302 1907 ple-

235 1947 374 2014 rumque
402 1926 516 2006 allatae,
548 1946 643 1991 aures
665 1924 867 1991 eruditorum
894 1925 1083 2006 illiciebant,
1113 1927 1169 2014 qui
1196 1924 1302 1992 subti-

236 2034 310 2100 liter
336 2042 367 2099 et
389 2041 539 2120 apparate
574 2031 667 2098 dictis
695 2032 856 2119 praecipue
885 2031 1181 2120 permulcebantur.
1212 2031 1303 2098 Plebi

235 2139 429 2207 urbanitatis
453 2140 573 2219 minus,
591 2138 663 2225 plus
678 2138 796 2205 virium
816 2160 899 2226 opus
920 2148 1007 2220 erat;
1024 2149 1057 2206 at
1080 2159 1185 2206 scenae
1208 2160 1301 2227 spec-

238 2246 344 2312 tacula
364 2245 487 2311 comica
509 2243 760 2332 suppeditabant
775 2245 862 2311 uode
878 2245 1052 2311 multitudo
1070 2245 1140 2333 ipsa
1162 2245 1304 2312 oblecta-

238 2363 339 2418 retur.
362 2350 409 2417 lbi
429 2352 515 2417 enim
540 2350 717 2438 «plurima
742 2351 833 2437 vulgi
859 2351 1009 2418 licentia⁸
1032 2375 1069 2433 »;
1093 2351 1139 2417 ibi
1165 2353 1303 2440 populus

239 2459 329 2526 velut
344 2468 518 2545 perpetuos
539 2477 635 2544 agere
657 2457 727 2524 dies
743 2458 977 2539 saturnalitios,
998 2479 1064 2524 non
1079 2459 1196 2526 tacitus
1219 2459 1305 2525 indi-

240 2564 346 2652 gnari,
362 2564 539 2630 insolenter
558 2563 708 2630 dominos
723 2585 800 2630 suos
821 2565 1001 2652 increpare,
1023 2564 1197 2631 adversum
1215 2565 1305 2652 prin-

241 2671 340 2759 cipes,
357 2671 383 2736 91
398 2668 476 2758 quid
489 2668 665 2758 deliquisse
679 2670 741 2758 ipsi
753 2670 953 2752 riderentur,
970 2670 1105 2738 liberius
1117 2670 1302 2738 conviciari.

240 2781 287 2844 Ex
303 2776 526 2844 mediocritate
542 2775 692 2857 fortunae,
709 2777 861 2864 pauciora
877 2777 966 2865 plebi
980 2777 1124 2865 pericula
1139 2786 1243 2852 erant,
1263 2777 1305 2843 ad

241 2905 352 2973 quam,
375 2883 416 2949 ob
437 2882 652 2949 humilitatem
677 2883 885 2964 conditionis,
906 2885 1139 2972 imperatorum
1160 2885 1208 2949 ira
1228 2904 1305 2950 raro
1364 2935 1368 2938 -

241 2989 466 3073 descenderet,
497 2991 655 3077 cujusque
675 2989 886 3078 petulantiam
912 2989 1035 3056 ferrent
1061 2990 1259 3078 patienter⁸3
1279 2989 1307 3056 si

242 3096 323 3164 forte
336 3097 487 3185 populus,
500 3097 534 3161 in
545 3096 728 3163 attellanico
744 3097 873 3175 exodio,
890 3095 1030 3163 facetum
1046 3096 1125 3185 quid
1143 3107 1174 3163 91
1191 3097 1307 3163 Caesari

241 3203 514 3271 contumeliosum
544 3202 825 3290 apprehendisset,
857 3213 954 3291 atque
986 3224 1124 3270 assensu
1157 3224 1307 3292 compro-

241 3310 362 3386 basset,
381 3330 452 3376 eam
474 3309 563 3395 vulgi
580 3308 751 3375 libidinem
765 3311 906 3376 Caesares
928 3308 1122 3399 plerumque
1137 3330 1204 3376 non
1225 3311 1308 3377 tanti

242 3416 415 3497 1991911991,
433 3425 469 3482 91
484 3415 513 3481 vi
534 3414 781 3501 refringendam
797 3435 870 3482 esse
888 3417 1122 3482 existimarent.

286 3523 448 3589 Histrione
462 3521 542 3587 nihil
558 3522 664 3609 magis
684 3543 837 3610 spurcum
856 3531 888 3588 91
905 3521 1064 3604 inlame⁵3
1082 3522 1183 3589 sacris
1202 3543 1237 3589 99
1256 3531 1309 3589 ta-

275 3747 297 3792 l.
317 3743 384 3803 Vide,
398 3742 500 3805 exempli
514 3741 595 3804 gratia,
608 3755 671 3792 vers.
688 3744 731 3791 131
746 3756 798 3806 sqq.
812 3743 847 3792 Cf.
859 3743 943 3803 Tacit,
959 3742 1064 3805 1111991,
1076 3759 1124 3805 xiv,
1138 3744 1222 3792 ,tt-59.

276 3815 299 3864 2.
318 3815 435 3872 0919919,
452 3815 511 3874 221,
529 3814 585 3873 1118;
602 3816 647 3863 919.

275 3887 298 3933 3.
316 3888 381 3944 Tac,
397 3886 506 3945 1119199,
521 3898 537 3945 1,
554 3886 592 3934 12.

277 3957 299 4005 l.
318 3954 377 4005 Vide
392 3958 420 4005 1).
436 3957 514 4015 Cass,
532 3956 715 4016 1.11,26;199.,
730 3954 837 4015 donat,
853 3959 1016 4016 191,611;919.

276 4029 300 4076 5.
318 4026 434 4090 Vopiscus
450 4027 584 4089 (Carinus,
602 4027 639 4089 161
657 4026 741 4076 eodem
756 4040 853 4077 numero
873 4028 966 4090 reponit
980 4028 1074 4089 mimos,
1093 4028 1241 4089 meretrices²
1255 4042 1312 4078 can-

245 4100 318 4146 tores.
337 4096 373 4145 ct.
389 4098 458 4146 Treb.
479 4095 590 4156 Pullion,
614 4096 682 4160 Trip.
706 4098 774 4160 Tyr,
791 4097 824 4146 8:
842 4117 853 4142 «
871 4099 949 4156 Quum
966 4096 1088 4148 Gallienus
1107 4099 1162 4148 rino
1177 4102 1201 4148 et
1215 4100 1312 4162 popinis

245 4169 346 4286 ppcqret,
363 4179 483 4229 quumque
494 4179 518 4216 se
533 4166 667 4227 lenonibus,
685 4167 763 4216 mimis
776 4170 799 4217 ct
813 4168 978 4218 meretricibus
993 4169 1096 4230 dederet,
1113 4173 1158 4219 etc.
1169 4189 1180 4212 n
1195 4170 1228 4219 ct.
1245 4171 1311 4230 Tac,

271 4236 292 4284 ie
308 4274 324 4298 .,
337 4252 362 4298 u,
375 4240 412 4287 11.
