2916 4934
327 340 392 387 coll
416 339 597 388 ultavotls
619 339 855 389 sonlrroalsus
879 341 913 387 sn
936 341 1126 392 GESSERINT.
1225 338 1256 390 91

684 886 773 977 §rr

600 1091 660 1154 De
684 1089 857 1156 Fluviis.

240 1341 339 1406 Nemo
360 1345 428 1404 erat
452 1337 520 1425 qui,
540 1357 641 1425 quum
658 1336 691 1402 in
709 1337 842 1425 pessimi
859 1337 1014 1426 principis
1030 1339 1136 1406 locum
1154 1363 1262 1409 succe-

198 1445 300 1527 deret,
324 1465 390 1512 uon
407 1465 426 1510 a
446 1442 625 1532 splendidis
644 1443 918 1532 promissionibus
936 1445 1145 1536 honestisque
1168 1448 1261 1517 lactis

196 1560 389 1641 potestatem
405 1550 598 1618 ordiretur¹.
626 1544 737 1633 Galba,
764 1552 911 1619 omnium
931 1573 1106 1637 consensu,
1131 1555 1193 1623 luit
1213 1558 1262 1624 vir

196 1658 386 1739 tolerabilis,
416 1667 511 1747 atque
541 1679 652 1746 copon
672 1657 819 1748 imperii,
848 1659 913 1725 nisi
937 1659 1166 1749 imperasset&
1199 1665 1261 1732 Eos

195 1770 252 1858 qui
269 1766 330 1835 sub
344 1769 469 1833 Nerone
489 1764 686 1832 delationem
703 1764 911 1832 acerbissime
926 1778 1138 1836 exercuerant
1156 1771 1261 1858 poenis

195 1874 314 1958 affecit,
331 1896 367 1941 ac
381 1874 465 1940 laesae
486 1873 666 1961 majestatis
690 1872 825 1940 crimine
847 1873 881 1939 in
897 1873 1048 1940 exsilium
1064 1886 1152 1944 actos
1165 1900 1260 1946 revo-

196 1983 313 2052 cavitl.
327 1981 456 2048 Eisdem
469 1979 548 2047 Otho
558 1979 643 2047 bona
655 1979 807 2062 restituit,
821 1980 908 2069 apud
918 1989 1066 2048 senatum
1077 1981 1220 2072 benigne
1231 1995 1262 2053 et

196 2092 372 2158 clementer
395 2088 522 2155 locutus
545 2096 605 2171 est,
631 2109 668 2154 ac
695 2087 798 2154 multa
822 2088 1020 2176 populariter
1048 2089 1156 2157 fecitl.
1190 2094 1260 2182 lpse

195 2197 342 2267 Vitellius
357 2194 539 2284 imperandi
563 2195 756 2262 modestiam
774 2195 946 2278 affectavit,
969 2217 1119 2265 sermone
1143 2198 1261 2267 leniet

194 2304 320 2394 placido
332 2324 410 2371 usus
422 2312 482 2384 est,
495 2323 665 2391 procerum
676 2323 712 2369 ac
721 2301 825 2390 plebis
835 2302 1093 2371 benevolentiam
1106 2307 1259 2394 captavit,

195 2422 291 2502 atque
307 2409 444 2478 Helvidii
456 2410 567 2492 Prisci,
587 2408 760 2478 novissime
776 2409 816 2476 ab
829 2410 941 2477 exsilio
952 2410 1093 2495 reducis,
1107 2421 1139 2479 et
1150 2423 1261 2481 contra

194 2519 348 2609 principis
378 2518 574 2585 sententiam
598 2518 633 2584 in
652 2526 773 2585 senatu
800 2516 950 2601 dicentis,
982 2518 1119 2587 liberam
1147 2542 1260 2589 vocem

195 2648 287 2715 aequo
304 2625 413 2692 animo
433 2624 616 2693 toleravitl.

237 2733 469 2822 Vespasianus,
493 2741 607 2798 natura
634 2731 905 2814 humanissimus,
925 2742 1098 2822 postquam
1124 2739 1259 2803 Romam

195 2841 296 2924 venit,
316 2862 350 2908 se
367 2841 501 2907 comiter
526 2861 604 2926 erga
627 2860 740 2906 omnes
762 2839 876 2926 gessit,
903 2849 1000 2928 atque
1021 2842 1167 2908 omnium
1192 2843 1259 2910 fere

196 2948 335 3036 gratiam
361 2946 423 3014 sibi
447 2946 662 3035 comparavit3
689 2945 733 3012 ita
756 2945 993 3034 praeteritarum
1017 2948 1261 3017 inimicitiarum

197 3051 1261 3137 immemor,utVitelliifiliamhouestissimemaritaret⁶.Eratveri

197 3162 468 3254 patientissimus3
486 3161 663 3229 amicorum
683 3159 912 3242 cavillationes,
938 3169 1033 3250 atque
1054 3162 1209 3246 hostium,
1234 3164 1261 3232 si

199 3273 255 3363 qui
283 3279 386 3353 eraut,
416 3269 588 3336 maledicta
616 3267 824 3355 indulgenter
852 3267 995 3350 ferebat;
1025 3268 1149 3337 facetus
1178 3272 1258 3360 ipse,
1356 3312 1361 3322 ,

229 3527 251 3574 1.
269 3526 340 3575 Recte
355 3522 448 3573 dicebat
464 3524 590 3571 Montanus
605 3524 683 3571 orator
699 3539 711 3564 «
727 3520 841 3585 optimum
863 3531 925 3580 esse,
939 3521 994 3583 post
1014 3519 1099 3568 malum
1120 3520 1261 3587 principem,

197 3596 259 3646 diem
275 3595 384 3659 primum.
402 3615 413 3639 a
428 3592 521 3657 (Tacit,
536 3594 645 3653 Hester,
659 3607 691 3651 ιν,
709 3593 758 3654 42.)

227 3669 250 3716 2.
269 3665 345 3728 rota,
358 3681 375 3727 1,
392 3667 431 3714 19.

227 3740 248 3787 3.
268 3741 359 3795 Zonar,
373 3736 481 3796 Annul,
495 3751 527 3793 xr,
545 3737 581 3784 11.
598 3735 633 3784 Cl.
651 3734 723 3797 Plut,
739 3734 830 3796 Galba,
848 3736 885 3784 l‘l.

227 3812 249 3858 1.
269 3808 341 3870 Plut,
358 3807 430 3865 Otlro,
447 3810 457 3857 l
475 3810 498 3856 et
513 3807 540 3867 3;
557 3806 598 3856 Dio
614 3805 718 3866 Cassius,
737 3822 800 3867 uxrr,
815 3807 836 3854 8.
855 3833 884 3841 -
899 3804 964 3854 Idem
982 3818 1038 3856 vero
1053 3807 1152 3857 Neronis
1166 3810 1258 3857 statuas

195 3880 288 3930 restitui
304 3893 389 3943 passus
404 3881 452 3939 est;
465 3879 521 3939 imo,
537 3880 562 3927 nt
576 3877 674 3940 qnidam
689 3878 845 3936 tradiderunt,
860 3877 960 3927 Neronis
973 3889 1104 3940 cognomen
1119 3880 1258 3944 assumpsit.

197 3950 282 4012 (Suet,
298 3948 372 4006 Otto,
387 3949 420 4010 l.)

227 4021 249 4069 5.
267 4023 331 4079 Tac,
350 4019 425 4078 Ibiol.¹
441 4034 466 4079 rr,
482 4022 519 4069 91.
541 4019 575 4068 Cf.
592 4022 618 4069 1).
637 4019 714 4079 Cass,
733 4034 788 4080 rxv,
808 4023 831 4068 7.
847 4020 942 4068 -Non
963 4017 1004 4067 diu
1025 4017 1048 4067 in
1071 4019 1112 4071 illa
1133 4019 1258 4070 clementia

196 4092 308 4157 perstitit.
325 4092 413 4156 (Suet,
431 4091 527 4152 voert,
542 4091 591 4154 ll.)

227 4165 249 4213 6.
268 4165 295 4212 l).
316 4163 391 4222 Cass,
416 4177 479 4223 uxvr,
495 4163 536 4217 lo;
551 4163 628 4222 Suet,
648 4163 762 4226 Vesper,
779 4164 805 4210 11
820 4178 826 4214 :
844 4182 855 4207 1<
872 4162 1021 4217 Offensarum
1038 4165 1061 4217 et
1082 4162 1259 4217 inimicitiarum

196 4235 293 4287 minime
308 4247 397 4284 memor
408 4228 581 4286 et'exsecutor.
600 4251 611 4276 o
