2916 4934
323 340 390 386 CUM
414 338 593 385 uttuvotts
615 336 852 384 scnirxouiuus
875 340 911 389 Sl]
933 339 1126 389 oussuntttx.
1213 329 1263 383 105

202 455 365 544 fringique
377 453 579 545 jusserunt¹.
603 478 620 515 «
634 452 772 520 iuvabat
787 452 911 520 illidere
931 453 999 521 solo
1013 454 1263 543 superbissimos

201 564 323 643 vultus,
341 562 461 629 instare
478 560 576 639 ferre,
599 553 710 627 sacxire
727 559 909 642 securibus,
924 570 959 627 ut
973 562 1000 626 si
1018 562 1165 648 singulos
1180 562 1264 629 ictus

203 670 337 756 sanguis
362 669 518 757 dolorque
547 676 754 756 sequeretur,
782 687 878 733 nemo
902 665 964 732 fuit
988 678 1055 734 tam
1079 677 1264 756 temperans

197 776 321 864 gaudii,
340 776 419 864 quin
434 776 535 842 instar
548 773 680 840 ultionis
695 773 859 840 videretur
874 794 1006 840 cernere
1020 774 1144 841 laceros
1157 785 1260 859 artuS,

200 893 348 950 truncata
362 882 522 964 membra,
538 891 647 947 truces
666 879 911 968 horrendasque
927 880 1089 968 imagines
1104 881 1261 970 abjectae,

197 1000 408 1078 excoctaeque
421 988 592 1055 flammis².
611 1014 628 1051 a

243 1098 269 1164 li
294 1118 371 1164 xero
405 1096 524 1185 quibus
555 1095 687 1183 spiritus
714 1095 909 1162 excelsiores
940 1106 1043 1178 erant,
1075 1097 1196 1186 quique
1226 1120 1265 1166 ea

199 1205 318 1292 turpia,
343 1204 412 1272 viro
439 1203 588 1290 indigna,
622 1202 894 1291 aspernabantur,
919 1203 1042 1290 passim
1073 1204 1108 1270 in
1132 1216 1264 1290 senatu,

200 1311 394 1378 clamoribus
421 1309 656 1397 incompositis,
689 1330 875 1398 magnoque
907 1310 1083 1377 verborum
1112 1314 1260 1401 strepitu,

201 1418 339 1507 quisque
359 1427 528 1507 parentem
543 1437 733 1505 oppressum
752 1427 807 1484 aut
822 1416 964 1484 amicum
975 1417 1188 1501 vindicantes,
1207 1420 1264 1487 de-

198 1526 317 1592 latores
336 1523 545 1605 accusabant,
558 1524 609 1590 his
624 1534 732 1591 tamen
753 1525 883 1591 intactis
901 1546 983 1613 quos
999 1546 1089 1613 opeS,
1108 1526 1265 1615 loquendi

201 1632 351 1713 facultas,
364 1653 486 1719 magna
497 1631 658 1712 clientela,
671 1631 792 1718 accepti
806 1631 945 1698 honores
961 1633 1134 1720 epericulo
1151 1632 1263 1700 delen-

198 1738 409 1806 debant³th
423 1738 517 1805 multi
535 1760 575 1805 ex
589 1737 773 1804 minoribus
788 1738 987 1805 delatoribus
1007 1740 1040 1805 in
1055 1761 1154 1806 naves
1172 1762 1264 1806 exar-

201 1856 306 1912 matus
325 1846 408 1934 rapti
430 1855 517 1926 sunt,
541 1867 578 1911 ac
600 1844 753 1910 fluctibus
776 1844 941 1932 permissi,
964 1854 1001 1911 ut
1027 1846 1054 1912 si
1076 1846 1129 1912 cui
1148 1867 1262 1913 eorum

202 1953 349 2041 procellat
379 1953 613 2040 pepercissent,
645 1952 673 2018 is
699 1951 734 2016 in
759 1972 837 2017 saxa
861 1959 893 2017 et
922 1951 1030 2018 littora
1057 1951 1264 2041 inhospitalia

198 2060 325 2148 pulsus,
344 2058 387 2126 ibi
405 2059 520 2124 duram
535 2059 635 2127 vitam
649 2058 815 2145 degerat.
833 2058 957 2125 Plinius
972 2059 1142 2126 Secundus
1160 2060 1262 2128 libros
1330 2137 1334 2144 ¹

199 2165 239 2233 de
257 2167 386 2233 Ultloce
404 2165 552 2231 Helvidii
563 2164 632 2254 filit
649 2165 842 2253 composuit,
862 2165 1063 2232 orationibus
1083 2167 1263 2234 recollectis

196 2284 228 2341 et
247 2274 354 2355 editis,
375 2295 455 2362 quas
478 2272 518 2339 de
541 2294 579 2339 ea
600 2295 636 2340 re
660 2272 747 2360 apud
767 2282 916 2340 senatum
929 2272 1106 2355 habuerat;
1124 2274 1260 2363 aliisque

197 2381 341 2449 studium
364 2380 425 2446 fuit
454 2389 489 2446 ut
515 2381 637 2446 occisos
665 2379 867 2466 relegatosve
895 2378 1021 2467 scriptis
1044 2380 1258 2465 vindicarent,

195 2499 251 2556 aut
275 2487 447 2555 Domitiani
470 2498 716 2575 ceterorumque
743 2487 903 2554 malorum
926 2487 1109 2575 principum
1134 2510 1261 2556 memo-

195 2597 278 2662 riam
304 2605 472 2682 urgerent,
496 2605 592 2684 atque
619 2595 781 2683 preterita
806 2595 961 2683 pericula,
993 2597 1164 2662 securitate
1189 2597 1260 2685 jam

194 2713 335 2791 recepta,
356 2712 422 2769 tute
442 2702 685 2769 retractarent⁵.

240 2813 414 2897 Postquam
429 2808 641 2889 Domitianus,
657 2807 718 2875 sub
731 2807 847 2875 umbra
863 2809 1029 2877 servandae
1045 2810 1259 2892 auctoritatiS,

196 2926 243 2984 tot
263 2926 294 2983 et
317 2926 407 2982 tanta
425 2915 570 2982 facinora
584 2916 802 2997 commiserat,
827 2916 985 2983 intellexit
1006 2918 1165 3006 Trajanus
1180 2917 1262 2983 nihil

179 3051 181 3054 ·
196 3023 266 3090 lore
280 3023 411 3104 melius,
424 3043 460 3088 ac
475 3023 503 3089 si
523 3046 540 3085 a
556 3033 691 3109 augeret
705 3021 893 3089 facilitatem
908 3023 1047 3112 imperii,
1068 3034 1101 3091 et
1115 3046 1168 3091 res
1184 3025 1261 3091 olim

197 3129 433 3211 dissociabiles,
466 3129 683 3218 principatum
712 3151 749 3195 ac
779 3128 963 3196 libertatem
992 3157 1008 3192 a
1040 3131 1257 3198 conciliaretl.

195 3237 346 3303 Attamen
373 3236 407 3301 in
438 3257 513 3303 vere
537 3235 708 3302 seditiosos
737 3257 804 3302 non
831 3237 959 3304 mollior
986 3237 1057 3320 luit,
1092 3248 1123 3305 et
1150 3239 1259 3326 plures

195 3343 252 3431 qui
279 3343 314 3409 in
341 3363 375 3409 se
403 3341 654 3430 conspirassent,
679 3341 720 3409 ad
736 3353 885 3410 senatum
913 3342 1028 3411 detulit
1041 3344 1257 3432 puniendos⁷.

226 3584 248 3632 1.
268 3583 344 3643 Suet,
360 3581 414 3630 loco
427 3581 470 3631 cit.

225 3653 248 3702 2.
267 3653 397 3715 Paneqyr.
419 3653 540 3716 Trajani,
559 3653 597 3701 52.

226 3725 248 3772 3.
268 3723 366 3782 Plinius,
382 3723 476 3786 Epist,
492 3738 526 3783 rx,
538 3725 585 3772 13:
600 3742 611 3767 a
623 3723 707 3773 Primis
718 3724 802 3775 diebus
815 3725 914 3776 redditae
924 3724 1050 3786 libertatis,
1061 3739 1105 3790 pro
1118 3740 1144 3777 se
1158 3727 1259 3791 quisque

195 3793 303 3844 inimicos
321 3807 386 3854 snos,
401 3794 540 3843 duntaxat
555 3795 675 3855 iainores,
686 3794 870 3858 postulaverant
884 3797 955 3846 simul
970 3802 994 3848 et
1010 3801 1187 3862 oppresserant.
1203 3818 1216 3843 l

227 3867 249 3914 t.
279 3866 375 3928 Poneq.
390 3865 473 3929 Truj,
489 3867 527 3915 at.
546 3865 583 3914 Ci.
598 3867 627 3914 35
643 3882 649 3915 ε
668 3885 680 3910 «
693 3867 793 3917 titvahat
809 3871 960 3931 prospectare
973 3868 1052 3918 statim
1067 3882 1079 3918 a
1092 3872 1162 3931 portu
1176 3883 1259 3933 sparsa

195 3936 296 3998 navigia,
313 3939 336 3985 et
355 3949 425 3997 agere
445 3936 546 4001 principi
567 3936 665 3998 gratias,
695 3938 736 4000 qui
761 3938 874 3988 ultionem
898 3939 1020 3989 hominum
1037 3943 1199 4004 terrarumque
1214 3941 1259 3991 diis

196 4007 268 4056 maris
285 4006 484 4057 commendasset.
499 4027 511 4051 »

227 4080 249 4125 5.
267 4075 344 4138 ibid,
366 4080 408 4140 53;
424 4078 519 4141 Epist,
531 4094 554 4139 v,
567 4079 588 4127 5.

227 4149 250 4196 6.
268 4148 352 4208 lacit,
368 4149 499 4213 Apricola,
513 4152 536 4198 a.
557 4150 592 4199 Gi.
613 4150 848 4217 Plin.,Epiat.,vn1‚
864 4153 907 4213 il;
924 4153 1021 4219 Poaep.
1042 4155 1123 4220 Traj,
1136 4156 1176 4206 i8.

227 4221 250 4268 i.
269 4219 525 4282 obcaecamur,
550 4220 587 4269 18.
