2916 4934
188 345 223 394 'ili
450 356 598 410 QUOMODO
621 357 745 403 nonnul
769 356 994 404 [uenationes

190 466 410 536 familiaritate
435 473 640 559 conjunctus,
673 471 756 538 belle
786 471 909 538 dictum
935 480 1012 537 tunc
1040 468 1251 537 nactus'est:

191 595 267 640 narn
283 597 384 664 quum
406 579 502 645 amici
525 579 575 645 sui
595 579 694 646 libros
711 578 751 645 ad
768 577 980 645 cremandum
1000 577 1130 643 lictores
1146 574 1254 664 inqui-

190 695 323 748 rerent:
344 687 420 751 «lle
436 707 577 774 quoque,
595 686 651 767 ait,
667 685 777 752 rivum
793 685 844 752 uri
859 693 994 772 oportet,
1019 683 1075 772 qui
1097 683 1168 749 illos
1188 703 1256 748 me·

192 790 296 855 moria
309 801 416 857 teneo.
430 819 445 854 n
467 793 628 859 Labienus
644 814 720 859 vero
740 792 822 859 hanc
843 791 1058 879 ignominiam
1081 809 1147 856 non
1168 789 1253 870 tulit,

192 917 241 977 oc,
258 918 298 962 ne
319 898 386 963 suis
416 899 567 987 operibus
595 910 760 988 superstes
777 920 848 966 esse
864 897 1041 979 videretur,
1054 896 1154 984 jussit
1171 917 1205 963 se
1222 895 1255 960 in

193 1004 340 1089 sepulcro
356 1007 515 1094 majorum
531 1008 665 1075 includi.
906 1004 908 1008 '

236 1113 308 1178 Herc
324 1111 363 1178 de
375 1114 483 1181 Cassio
497 1115 616 1182 Severo
632 1124 664 1181 et
673 1113 814 1181 Labieno
830 1134 847 1179 e
863 1110 988 1180 Seneca
1000 1111 1124 1199 majore
1141 1113 1258 1178 Corne-

192 1216 301 1305 lioque
318 1220 432 1287 Tacito
450 1222 611 1310 precipue
630 1220 810 1308 desumpsi.
839 1219 967 1286 Tacitus
993 1217 1138 1306 quidem,
1162 1215 1256 1283 fasti-

194 1323 248 1391 dio
268 1335 300 1392 et
321 1328 506 1414 arrogantia
530 1327 695 1410 inductus,
719 1350 785 1394 non
807 1327 934 1414 integro
953 1325 1091 1391 fortasse
1118 1333 1150 1390 et
1171 1323 1256 1390 bono

193 1432 361 1501 unimode
388 1436 497 1502 Cassio
509 1435 679 1523 judicavit,
702 1434 794 1500 nihili
813 1433 958 1513 homine,
983 1453 1019 1498 ac
1041 1429 1180 1498 sordidae
1196 1427 1259 1496 ori-

195 1538 294 1625 ginis,
317 1540 501 1608 libellorum
524 1542 743 1629 malignorum
765 1550 907 1621 auctore,
931 1549 963 1606 et
985 1538 1039 1626 qui
1055 1546 1180 1603 tantum
1196 1533 1258 1600 sibi

196 1658 391 1734 sumpserat,
408 1659 445 1715 ut
459 1648 584 1716 nobiles
600 1648 806 1715 contumeliis
835 1646 1037 1725 adoriretur3
1060 1644 1135 1710 licet
1157 1641 1259 1729 igitur

192 1753 266 1840 jure
297 1755 454 1843 suspicari
487 1755 562 1822 odia
599 1776 785 1844 procerum,
821 1753 905 1821 odiis
942 1752 1098 1840 principis
1126 1750 1260 1835 insuper

195 1859 346 1946 ingestis,
360 1862 573 1948 ignominiam
586 1861 686 1930 Cassii
701 1872 733 1929 ct
747 1860 987 1949 improbitatem
1001 1858 1035 1924 in
1047 1858 1154 1944 majus
1168 1865 1260 1922 extu-

196 1965 285 2033 lisse.
301 1970 424 2035 Seneca
438 1990 564 2051 rursus,
578 1978 722 2035 oratores
734 1989 801 2034 suec
817 1967 980 2034 memoria
992 1962 1151 2030 maledico
1163 1961 1259 2027 dente

196 2072 350 2142 libentius
377 2096 507 2164 carpere
538 2076 630 2142 solet.
665 2079 861 2142 Concessum
894 2073 935 2139 sit
967 2071 1068 2159 igitur
1096 2068 1197 2137 Cassii
1228 2077 1261 2134 et

196 2180 330 2247 Labieni
354 2182 512 2249 maleficia
538 2184 586 2249 ira
613 2193 645 2250 et
673 2181 748 2248 odio
769 2181 978 2247 inimieorum
1000 2177 1096 2266 paulo
1117 2173 1259 2243 inflatius

197 2286 333 2354 adaucta
355 2309 439 2356 esse.
467 2290 617 2356 Attamen
637 2311 695 2377 pro
714 2298 877 2376 comperto
892 2296 987 2352 teneo
1012 2304 1067 2350 eos
1093 2281 1257 2356 homines,

194 2387 1261 2485 protervaelinguaeetprocaeitatinimiaededitos,minimedignos

199 2522 283 2583 esse,
308 2524 448 2591 quorum
478 2525 538 2570 nos
558 2503 729 2584 misereat;
758 2522 863 2590 neque
887 2499 921 2565 in
943 2518 1055 2565 eorum
1081 2494 1260 2563 calamitate

197 2610 352 2696 reperias,
378 2609 464 2677 unde
479 2611 622 2698 Augusti
642 2609 846 2677 severitatem
871 2606 1013 2693 graviter
1027 2603 1169 2670 incuses.
1191 2603 1262 2667 Nou

197 2726 321 2798 tamen,
337 2727 374 2784 ut
389 2717 520 2806 quidam
538 2739 578 2784 ex
592 2716 756 2784 veteribus
769 2715 923 2780 mentitus
934 2722 995 2793 est,
1011 2709 1073 2776 diei
1086 2717 1191 2798 potest
1201 2705 1263 2774 sub

199 2822 273 2890 divo
289 2826 436 2911 Augusto
451 2824 639 2891 bominibus
659 2821 760 2891 verba
784 2819 980 2911 quandoque
996 2817 1131 2884 molesta
1146 2814 1261 2895 luisse,

198 2951 373 3019 reunquom
400 2931 627 3019 periculoso¹,
657 2950 759 3019 quum
790 2928 825 2994 in
850 2926 996 2993 Cassium
1024 2934 1056 2990 et
1083 2920 1264 2989 Labienum

198 3047 329 3125 propter
345 3037 442 3104 verba
462 3037 612 3105 saevitum
628 3037 682 3104 sit.

232 3272 254 3320 l.
272 3272 368 3332 Seneca,
384 3270 420 3319 De
433 3271 531 3333 Renes,
548 3283 580 3329 ut,
597 3270 636 3317 Oi.
