2916 4934
214 328 264 383 100
473 335 621 390 QUOMODO
643 334 770 382 noutvl
793 333 1020 381 luvuatrouus

211 472 275 541 quo
290 451 435 540 plerique
450 471 508 538 per
529 448 678 537 abrupta,
700 447 807 515 sedin
822 447 949 514 nullum
963 446 1149 536 reipublicae
1164 471 1277 534 usum,

210 557 382 625 ambitiosa
396 568 499 623 morte
516 555 769 623 inclaruerunt¹.
791 580 807 618 ιι

253 670 339 733 Inter
362 686 417 731 eos
439 665 557 730 stoicos
575 661 631 751 qui
656 662 862 729 sanctissima
879 662 966 749 apud
994 672 1115 729 sectam
1142 665 1278 731 nomina

207 774 356 840 Thrasea
371 780 402 837 et
416 769 555 837 Helvidii
570 769 670 835 Prisci
685 770 737 856 pio
754 769 842 835 cultu
857 769 1109 851 venerabantur,
1124 771 1275 838 nonnulli

207 877 442 946 consuetudine
454 897 567 944 eorum
578 876 742 964 quondam
755 875 808 942 usi
819 885 922 942 erant.
935 876 1098 943 Arulenus
1109 878 1272 962 Rusticus,

207 987 255 1053 vir
288 984 453 1050 immodici
482 983 595 1065 animi,
626 983 803 1050 acerrimus
838 982 879 1049 ad
911 982 1082 1050 subeunda
1115 984 1271 1071 pericula,

206 1093 392 1181 nimiusque
408 1090 519 1158 forsan
534 1091 568 1157 in
584 1089 760 1179 quaerenda
774 1089 890 1176 gloria,
908 1090 1059 1157 Thrasea
1072 1089 1176 1158 adluit
1189 1090 1272 1158 deli-

205 1199 333 1266 bcranti
354 1221 428 1266 cum
446 1198 558 1265 amicis
584 1218 626 1264 an
651 1206 813 1279 senatum,
843 1197 1025 1284 majestatis
1048 1219 1125 1264 reus
1152 1196 1270 1282 factuS,

205 1306 322 1389 adiret,
345 1306 524 1394 obtulitque
545 1326 579 1372 sc
599 1305 767 1371 sententia
783 1302 974 1370 senatorum
994 1304 1271 1388 iute1·oessurum;

203 1434 281 1480 nam
296 1423 373 1480 tuno
392 1412 496 1501 plebis
512 1412 663 1479 tribunus
686 1421 765 1478 erat.
783 1412 824 1478 At
837 1413 946 1478 Poetus
962 1412 1118 1494 Thrasea,
1135 1411 1268 1480 laudata

204 1521 336 1610 quidem
345 1519 476 1608 juvenis
488 1519 618 1600 virtute,
634 1539 709 1585 eum
721 1517 908 1586 dehortatus
923 1526 1022 1585 estne
1034 1519 1266 1604 intercederet,

204 1630 321 1717 quippe
337 1626 419 1693 nihil
434 1648 490 1693 reo
505 1625 693 1715 profuturus
710 1633 806 1707 esset,
828 1625 966 1714 sibiipsi
981 1625 1099 1712 ingens
1113 1626 1187 1693 vitae
1198 1626 1269 1695 dis-

203 1734 326 1802 crimen
342 1735 444 1821 gratis
464 1733 617 1800 facerat

245 1844 351 1921 Quum
368 1862 468 1929 prope
488 1840 603 1907 urbem
623 1840 806 1906 antonianae
827 1861 865 1906 ac
885 1839 1033 1907 flaviana
1057 1840 1155 1929 copiae
1173 1841 1209 1908 in
1224 1863 1263 1909 eo

201 1957 310 2016 esseut
328 1959 363 2015 ut
377 1969 451 2014 cum
466 1946 638 2015 vitellianis
651 1968 768 2013 manus
786 1957 1006 2029 consererent,
1023 1946 1166 2015 delectus
1182 1957 1232 2015 est
1247 1970 1267 2016 a

201 2065 317 2123 senatu
345 2054 520 2137 Arulenus,
545 2056 602 2143 qui
622 2064 700 2121 tuuc
723 2063 840 2142 praetor
862 2064 959 2135 esset,
980 2063 1016 2120 ut
1038 2055 1198 2122 exercitus
1222 2055 1265 2123 ad

199 2161 404 2229 concordiam
432 2162 610 2248 mitigaret,
640 2182 819 2250 pacemque
850 2161 1015 2228 suaderet.
1041 2162 1083 2227 At
1106 2162 1264 2230 extremis

198 2269 348 2357 periculis
362 2268 550 2336 obversatus
567 2279 627 2350 est,
645 2267 816 2335 comitibus
831 2268 952 2356 passim
968 2267 1126 2355 disjectis,
1141 2290 1207 2336 uno
1223 2291 1264 2337 ex

197 2375 364 2442 lictoribus
394 2375 577 2457 interfecto,
612 2375 748 2465 ipsoque
776 2383 914 2463 praetore
953 2375 1157 2442 vulneratol.
1194 2375 1263 2443 Sub

197 2482 327 2564 Flaviis,
345 2503 499 2568 magnam
512 2481 662 2548 Rusticus
674 2482 775 2548 animi
786 2490 818 2548 et
827 2482 947 2568 linguae
960 2481 1142 2548 libertatem
1153 2491 1264 2550 osten·

197 2589 294 2670 tavit3
312 2588 393 2655 adeo
408 2598 456 2670 ut,
474 2609 575 2677 quum
587 2588 815 2678 philosophum
836 2589 974 2669 audiret,
993 2588 1118 2655 litteras
1137 2589 1263 2678 princi·

196 2699 245 2785 pis
260 2697 385 2762 interea
403 2687 551 2783 acceptas
566 2716 633 2762 non
648 2695 739 2784 prius
759 2695 910 2785 aperiret,
929 2716 1029 2784 quam
1043 2696 1258 2784 philosophus

194 2804 325 2871 dicendi
349 2803 448 2869 finem
475 2801 644 2886 secisset‘3
673 2802 762 2893 quod
787 2803 898 2871 multis
924 2802 1021 2891 paulo
1050 2803 1258 2890 arrogantius

196 2911 318 2979 factum
329 2911 437 2978 visum
453 2920 513 2977 est.

238 3018 419 3085 Domitiano
430 3017 589 3106 praecipue
601 3016 827 3084 incommodus
841 3016 913 3099 fuit,
925 3017 1001 3107 quia
1011 3017 1203 3113 iptiorcpal.
1218 3017 1262 3085 At

187 3125 427 3215 philosophari
455 3134 533 3191 tunc
567 3134 636 3191 crat
669 3124 776 3211 egisse
804 3125 964 3215 quidquid
986 3129 1186 3200 delatoribus
1220 3155 1259 3201 ac

195 3233 327 3301 Caesaris
347 3232 571 3299 adulatoribus
594 3226 842 3320 displicuisset:
865 3243 911 3316 ut,
935 3236 963 3302 si
988 3238 1061 3326 quis
1091 3239 1259 3309 sacrificiis

193 3361 251 3429 pro
267 3338 369 3407 salute
386 3339 559 3406 Domitiani
573 3359 639 3405 non
658 3338 843 3422 interesset,
861 3342 888 3406 si
905 3352 1115 3431 conspectum
1130 3346 1200 3433 ejus
1216 3346 1259 3414 li-

193 3468 333 3536 meuque
348 3447 476 3528 vitaret,
494 3445 522 3512 si
538 3467 573 3513 os
593 3467 745 3514 severum
766 3445 902 3515 haberet
923 3470 960 3516 ac
976 3449 1118 3518 frontem
1139 3473 1256 3521 censo-

225 3659 246 3706 1.
265 3655 393 3720 Apricoio,
415 3653 504 3704 lici.
521 3652 675 3712 Anrzcl.‚1v‚
693 3653 736 3713 203
757 3653 826 3702 Dici.
844 3653 929 3712 Orat,
950 3656 988 3704 41.
1005 3681 1035 3691 -
1051 3657 1104 3705 Jam
1125 3659 1193 3707 autea
1210 3659 1259 3710 Sc-

192 3741 248 3778 neca
268 3727 426 3790 philosophus
444 3738 485 3774 eos
504 3725 670 3786 objurgaverat
685 3723 748 3773 viros
768 3724 865 3784 stoicos,
883 3724 969 3787 quibus
984 3725 1126 3775 immodesta
1143 3726 1258 3792 loquendi

192 3791 290 3848 libertas
306 3796 404 3860 periculi
419 3809 488 3846 caiisa
503 3795 556 3855 luit,
570 3808 597 3845 ac
607 3793 720 3843 Lucilium
735 3807 803 3843 suum
817 3799 948 3856 monuerat,
960 3798 994 3856 ut,
1009 3809 1056 3846 non
1067 3795 1135 3845 aliter
1149 3810 1221 3859 quam
1232 3800 1258 3851 in

192 3869 325 3930 navigando
346 3866 483 3930 procellam,
501 3866 634 3930 potentium
648 3864 709 3914 iram
721 3865 857 3916 declinaret.
879 3865 939 3929 (Ep.
956 3864 1100 3927 adducit,
1116 3868 1145 3915 ll
1158 3868 1181 3916 et
1194 3867 1256 3928 1033

193 3941 229 3989 De
247 3939 306 3988 Otto
317 3939 391 4001 Sap,
407 3937 441 4000 3.)

224 4012 247 4058 2.
265 4010 347 4069 Tacit,
362 4007 471 4067 Annei,
486 4020 534 4066 xv1‚
546 4009 584 4057 26.

224 4082 246 4129 3.
263 4080 485 4141 Tacit.,tvist.,1u,
501 4079 540 4126 80.

224 4153 247 4201 l.
266 4151 339 4213 Plut,
351 4153 387 4200 De
401 4150 568 4209 Curiositcte,
583 4152 620 4200 15.

224 4223 246 4272 5.
266 4225 292 4272 D.
307 4223 412 4284 Cassius,
428 4235 500 4282 curri,
519 4221 556 4268 13.
