2916 4934
250 347 283 399 30
634 357 672 403 Dl}
695 357 931 403 SClllPTlllllBllS

250 482 282 539 31
300 470 479 549 1331131331,
502 470 746 558 pepercerunt¹.
764 472 868 537 Cesar
884 491 959 536 vero
976 470 1045 558 ipse
1068 471 1195 559 scriptis
1217 471 1315 537 vebo-

249 576 1314 644 mentibuslaedebaturdulusCarinaeumcriminosissimolibro

250 683 460 764 lacessebat²,
476 683 634 771 Curioque
646 682 811 770 dialogum
827 693 1067 771 composuerat,
1082 683 1137 750 ubi
1148 705 1182 750 se
1194 706 1316 751 exeun-

195 872 199 879 ,
249 801 347 857 13313
364 801 478 856 333313
495 811 568 856 cum
585 790 726 856 11113333
743 800 775 856 et
792 792 895 856 Pansa
909 790 1145 879 colloquentem
1162 790 1312 872 faciebat,

250 897 533 985 interrogatosque
556 897 633 985 quid
654 897 688 962 in
712 906 827 963 senatu
853 906 960 963 actum
987 907 1084 979 esset,
1110 897 1250 963 multum
1280 898 1313 963 in

250 1007 405 1072 Caesarem
424 1002 668 1071 invehebaturl.

293 1112 421 1178 Primus
444 1111 591 1176 omnium
615 1112 796 1197 Augustus,
821 1110 970 1198 quamvis
990 1110 1151 1178 scribendi
1172 1111 1312 1179 libertati

250 1239 316 1285 non
336 1217 441 1284 libens
464 1216 650 1299 contrairet,
676 1238 712 1282 ac
737 1238 867 1304 sparsos
887 1216 926 1283 de
946 1239 978 1283 se
999 1218 1173 1305 probrosos
1188 1218 1315 1285 libellos

251 1325 307 1392 diu
337 1324 596 1412 contempsisset,
621 1325 817 1412 quaestiones
837 1323 970 1390 tandem
995 1324 1035 1391 de
1063 1324 1155 1392 libris
1179 1325 1315 1391 famosis

250 1431 363 1498 haberi
384 1433 496 1518 jussit,
522 1430 564 1497 ad
585 1430 619 1496 id
648 1431 807 1518 pracipue
833 1431 947 1518 pulsus
970 1432 1071 1498 Cassii
1096 1431 1313 1520 improbitate,

251 1539 307 1628 qui
339 1538 561 1604 nobilissimos
586 1537 673 1604 viros
703 1536 937 1604 diffamaverat.
970 1537 1074 1605 Libris
1094 1549 1205 1605 tamen
1238 1559 1315 1605 con-

250 1645 431 1713 tumeliosis
460 1643 609 1711 Tiberius
635 1644 755 1732 petitus
787 1643 878 1724 estl;
907 1644 1129 1733 Claudiusque
1158 1656 1190 1712 et
1212 1645 1315 1733 ipsius

250 1751 356 1818 liberti
372 1751 486 1818 eadem
502 1751 646 1839 perpessi
667 1761 754 1817 sunt.
767 1751 870 1829 Quum
886 1750 1049 1833 Claudios,
1066 1772 1198 1819 suorum
1215 1751 1315 1818 liber·

249 1870 356 1929 torum
378 1859 529 1925 aviditate
550 1858 739 1938 exhaustus,
765 1857 978 1945 pecuniarum
1005 1858 1115 1947 inopia
1138 1846 1313 1939 laboraret,

248 1968 379 2055 fumoso
398 1964 515 2054 elopz'o,
532 1964 572 2030 ad
588 1963 770 2030 irrisionem
788 1964 918 2052 scripto,
938 1964 1106 2052 vulgatum
1128 1975 1177 2033 est
1192 1965 1270 2032 satis
1286 1965 1316 2032 ei

254 2074 325 2140 auri
349 2073 430 2154 fore,
457 2071 485 2138 si
506 2071 681 2138 aPallante
698 2071 912 2160 Narcissoquc
932 2072 965 2137 in
987 2072 1174 2139 societatem
1193 2072 1317 2160 recipe-

249 2180 371 2247 returl.
390 2179 541 2246 Claudius
559 2199 636 2245 vero
649 2177 790 2261 dolebat,
809 2178 896 2267 quod
909 2199 928 2244 a
943 2178 1072 2247 Tiberio
1083 2181 1316 2247 etCaiolantas

250 2286 464 2354 contumelias
480 2293 660 2373 acceperat,
674 2296 709 2351 ut
721 2306 848 2351 merum
863 2284 1042 2352 ludibrium
1055 2286 1087 2352 in
1104 2286 1199 2369 domo
1215 2288 1317 2353 Caesa-

250 2414 323 2462 rum
346 2391 403 2459 diu
421 2391 569 2458 fuissetl.
594 2395 743 2458 Testatus
762 2400 810 2458 est
830 2390 1315 2477 131131333113131313111313

249 2502 385 2567 Brutum
423 2497 590 2587 Tarquinii
616 2497 752 2565 insidias
785 2498 858 2565 ficta
886 2498 1060 2566 stoliditate
1090 2499 1313 2586 effugientem,

250 2607 310 2673 sub
335 2606 409 2673 Caio
429 2606 600 2673 stultitiam
628 2606 812 2686 simulasse,
839 2626 880 2671 ne
902 2605 1057 2693 principis
1081 2606 1237 2672 invidiam
1265 2627 1319 2672 su-

249 2713 350 2796 biret,
378 2733 485 2802 neque
514 2711 547 2778 id
574 2712 726 2778 llomanis
751 2711 924 2800 persuasit,
953 2713 1011 2779 sed
1048 2711 1219 2779 «libellus
1250 2713 1318 2778 edi-

250 2831 301 2887 tus
328 2829 389 2902 est,
409 2821 503 2907 cujus
525 2829 757 2906 argumentum
778 2829 858 2900 3131,
880 2817 1046 2885 neminem
1066 2819 1234 2886 stultitiam
1258 2819 1317 2885 fin-

250 2927 360 3015 33137.
378 2953 394 2990 a

293 3036 468 3122 Postquam
494 3034 646 3100 Claudius
672 3053 798 3101 veneno
823 3033 929 3121 periit,
965 3031 1124 3099 memoria
1154 3035 1226 3121 ejus
1257 3032 1317 3099 ab·

245 3141 334 3228 jecta
349 3150 398 3207 331
412 3139 452 3206 ad
469 3160 565 3206 omne
583 3139 751 3228 probrum,
768 3161 805 3206 ac
818 3140 928 3206 nullus
943 3138 1005 3206 sibi
1025 3139 1217 3226 temperavit
1237 3140 1317 3229 quin

249 3247 470 3314 miserabilem
486 3247 665 3335 principem
687 3245 813 3313 facetiis
828 3243 1026 3313 omnimodis
1049 3246 1225 3313 vellicaret.
1243 3250 1317 3314 Haec

250 3364 358 3420 autem
377 3356 460 3420 Nero
483 3354 727 3442 Agrippinaque
749 3352 960 3439 indulgenter
983 3351 1144 3434 lerebant,
1167 3354 1318 3442 quamvis

249 3460 417 3548 ingentem
443 3460 563 3526 doloris
591 3459 709 3526 lastum
736 3481 802 3548 prae
827 3482 861 3527 se
889 3460 1025 3527 ferrent.
1053 3459 1173 3526 Lucius
1202 3460 1316 3540 Gallio,

280 3668 301 3713 l.
317 3665 388 3723 rtur,
406 3663 471 3712 Cato
485 3664 577 3724 Minor,
593 3665 631 3712 13.

278 3737 301 3783 2.
318 3735 394 3794 Suet,
412 3735 506 3795 Canac,
519 3737 557 3784 15.

279 3806 302 3854 3.
318 3806 378 3865 Cic,
393 3806 500 3863 Brutus,
514 3807 553 3853 60.

279 3878 301 3924 l.
318 3876 376 3925 Vide
388 3875 457 3936 iolra,
471 3877 551 3925 Parte
565 3875 612 3936 11³,
625 3878 637 3935 ἓ
652 3877 679 3923 2⁰
694 3879 717 3924 31
732 3877 767 3924 3⁰.

278 3948 301 3996 5.
318 3949 345 3996 Α.
363 3946 452 4007 Victor,
466 3946 594 4010 Epitome,
608 3949 630 3995 l.

278 4020 300 4066 6.
317 4018 351 4066 Cl.
364 4019 473 4076 sueton,
490 4017 627 4076 Claudius,
642 4016 655 4063 8
670 4032 675 4065 :
692 4035 704 4060 «
721 4017 821 4075 Quoties
842 4021 896 4081 post
910 4015 987 4065 cibum
1004 4014 1197 4075 addormisceret,
1212 4016 1318 4065 olearum

247 4089 341 4139 ossibus
356 4089 531 4148 incessebalnr3
547 4087 666 4137 interdurn
686 4088 758 4138 serula
773 4090 884 4151 llagrove,
901 4087 967 4136 velut
981 4099 1023 4150 lter
1039 4085 1130 4146 ludum,
1147 4086 1291 4136 excitabatur
1305 4100 1317 4135 a

247 4173 348 4224 cupreis.
364 4178 375 4202 »

279 4233 302 4281 l.
319 4232 428 4291 Sueten,
447 4229 585 4292 Claudius,
602 4233 640 4280 38.
