2916 4934
330 407 394 454 CUM
418 405 597 455 uttsvotts
620 402 855 454 scutvsoutuus
877 402 913 450 SE
936 401 1126 455 GESSERINT.
1224 395 1257 448 83

194 533 273 590 tune
290 520 407 608 saepius
423 528 627 608 usurpatum,
645 527 875 585 testamentum
892 519 1031 606 scripsit,
1049 541 1113 608 quo
1130 520 1259 586 «multa

197 639 228 698 et
240 628 360 696 atrocia
374 626 405 692 iu
421 629 603 693 Macronem
618 648 654 693 ae
669 624 847 714 precipuos
861 624 1052 694 libertorum
1063 627 1257 717 composuit,

196 737 258 825 ipsi
273 736 394 802 fluxam
411 733 501 801 senio
515 744 669 814 mentem,
690 743 721 800 et
737 734 889 800 continuo
906 733 1060 800 abscessu
1074 735 1162 802 velut
1176 736 1262 802 exsi-

194 844 276 911 lium
296 840 500 930 objeetando.
519 867 535 902 u
560 844 632 907 llaee
653 851 763 906 tamen
786 840 934 907 Tiberius
950 840 1079 907 recitari
1099 841 1258 930 permisit,

196 972 263 1019 suae
278 950 419 1016 infamia
431 958 644 1036 contemptor,
660 949 709 1014 vel
721 958 756 1014 ut
772 946 956 1014 ostenderet
971 958 1092 1037 quanta
1106 948 1262 1038 patientia
1367 1002 1369 1007 .

195 1059 379 1126 libertatem
391 1057 542 1138 alienam,
555 1077 694 1145 suasque
704 1054 846 1144 privatas
856 1056 992 1143 injurias
1002 1056 1180 1123 toleraret¹.
1194 1060 1261 1123 Imo

196 1187 286 1249 veru,
302 1187 360 1254 per
376 1164 593 1253 speculatores
612 1164 781 1252 inquirens
800 1183 872 1252 quae
894 1162 934 1229 de
951 1184 985 1230 se
1005 1162 1173 1230 inmotam
1188 1185 1262 1253 par-

197 1285 264 1342 tem
295 1271 500 1347 dicebamur,
534 1271 584 1339 vel
607 1271 640 1337 iu
665 1269 792 1337 circulis
817 1269 940 1338 occulte
964 1270 1195 1355 recitabantur,
1224 1295 1262 1340 ea

199 1379 408 1471 quaudoque,
435 1378 556 1446 nedum
581 1377 760 1468 prudenter
781 1377 1013 1460 dissimularet,
1030 1379 1136 1466 palam
1152 1379 1227 1467 prof
1247 1419 1262 1429 -

199 1489 309 1569 rebat;
333 1509 370 1554 ae
391 1486 418 1554 si
438 1486 510 1575 quis
526 1485 768 1568 damnatorum,
784 1507 843 1574 per
856 1484 982 1554 libellos
998 1486 1114 1552 theatri
1134 1486 1264 1575 parieti-

201 1596 263 1664 bus
284 1594 411 1677 affixos,
425 1592 603 1682 principem
626 1593 714 1660 omni
733 1592 851 1682 probro
870 1593 1079 1675 laceraverat,
1097 1593 1131 1660 id
1150 1594 1184 1660 in
1204 1617 1263 1683 pu-

201 1704 301 1771 blicas
313 1701 441 1769 tabulas
454 1699 632 1783 inserebat,
647 1701 738 1789 quasi
754 1699 816 1767 sibi
829 1700 897 1788 ipse
909 1699 1082 1767 conviciari
1092 1700 1239 1768 liberet².

244 1814 283 1878 Ut
298 1831 368 1876 mos
382 1818 450 1876 erat
465 1808 557 1875 novis
576 1807 839 1895 imperatoribus,
856 1807 950 1874 Caius
964 1809 1079 1890 Caesar,
1096 1806 1157 1874 sub
1172 1807 1264 1875 initio

203 1918 402 1996 dominatus
429 1915 547 1981 miram
572 1913 832 1981 benevolentiam
858 1923 889 1980 et
913 1912 1121 1980 concitandae
1146 1914 1265 1982 civium

203 2025 313 2113 gratie
330 2022 472 2090 studium
488 2021 652 2109 singulare
668 2042 732 2109 pra
749 2042 782 2087 se
796 2020 885 2101 tulit;
902 2021 1063 2109 relegatos
1078 2021 1221 2088 restituit
1233 2023 1266 2087 in

203 2132 358 2221 patriam3
376 2130 519 2197 actiones
535 2129 618 2196 Iasae
637 2129 828 2216 majestatis,
847 2128 966 2216 quibus
989 2127 1102 2195 urbem
1124 2129 1265 2195 maxime

206 2248 352 2307 vexatam
370 2237 510 2320 videbat,
525 2235 674 2317 abolevit,
690 2234 903 2324 promisitque
918 2257 952 2302 se
966 2236 1140 2324 impietatis
1155 2236 1267 2324 cogni-

206 2347 310 2413 tiones
338 2366 505 2434 nunquam
534 2342 736 2422 habiturum,
766 2365 803 2409 ac
831 2342 957 2410 libellos
986 2343 1120 2410 nomina
1153 2365 1267 2411 eorum

205 2455 407 2521 continentes
423 2473 504 2541 quos
516 2451 663 2518 Tiberius
675 2451 716 2518 ad
730 2450 1085 2533 senatumtraduxerat,
1095 2461 1267 2539 congestos
1281 2527 1283 2530 ,

206 2561 362 2628 exussit³.
376 2560 460 2640 Quin
480 2558 576 2625 etiam
593 2558 738 2641 Labieni,
754 2559 906 2626 Cremutii
919 2558 1025 2641 Cordi,
1042 2559 1141 2626 Cassii
1159 2559 1269 2627 Severi

206 2668 357 2736 historias
380 2678 411 2736 et
428 2667 591 2734 orationes
611 2677 742 2733 senatus
758 2665 914 2733 consultis
930 2666 969 2732 de
985 2666 1093 2733 medio
1110 2666 1265 2745 sublatas,

206 2775 282 2863 legi,
306 2785 401 2864 atque
427 2775 460 2840 in
482 2773 587 2840 lucem
612 2775 729 2840 iterum
754 2772 892 2861 proferri
913 2773 1072 2861 permisit,
1101 2797 1117 2836 o
1138 2773 1269 2862 quando

207 2884 347 2949 maxime
362 2903 420 2948 sua
436 2882 620 2964 interesset,
643 2890 678 2947 ut
695 2880 778 2946 lacta
798 2891 1001 2969 posterorum
1022 2881 1199 2962 memoriae,
1218 2881 1269 2946 in-

207 3000 356 3078 corrupta
371 2989 447 3072 lide,
465 2988 690 3056 traderentur*
707 3015 738 3053 ».
756 2988 926 3076 Quumque
948 2987 1075 3055 libellus
1093 2990 1123 3054 ei
1138 2988 1270 3055 offerre·

207 3108 271 3178 tur,
289 3118 353 3186 quo
378 3107 485 3163 certus
505 3096 603 3162 fiebat
625 3095 784 3184 quosdam
802 3095 863 3183 ipsi
885 3094 1019 3161 insidias
1043 3117 1168 3183 parare,
1185 3095 1271 3161 hune

207 3205 349 3292 recipere
363 3203 478 3286 noluit,
497 3203 571 3292 quia
587 3202 649 3268 sibi
668 3201 818 3269 conscius
835 3211 904 3267 erat
922 3202 1001 3267 nihil
1019 3201 1193 3290 deliquisse
1216 3223 1273 3268 eur

209 3311 362 3400 cuiquam
379 3310 453 3377 odio
469 3310 587 3377 esset⁵.

254 3418 305 3484 Sic
332 3428 405 3486 voto
428 3418 573 3485 omnium
600 3427 632 3484 et
655 3438 764 3484 amore
789 3416 962 3505 imperium
988 3417 1135 3506 adeptus,
1157 3435 1272 3506 parum

237 3665 258 3712 t.
278 3681 290 3706 o
306 3663 342 3712 An
361 3660 476 3711 scelerum
496 3660 576 3724 sejani
596 3659 634 3709 diu
656 3659 759 3721 nescius,
772 3674 826 3711 mox
842 3674 937 3723 quoquo
952 3659 1022 3711 modo
1036 3660 1098 3710 dicta
1113 3659 1204 3722 vulgari
1226 3674 1275 3710 ma-

208 3734 279 3795 lebat,
291 3733 454 3796 veritatisque,
468 3732 505 3783 eui
520 3732 622 3783 adolatio
638 3733 719 3792 ostitit,
734 3746 774 3796 per
792 3733 875 3796 probra
894 3732 975 3782 saltem
989 3745 1076 3794 guarus
1091 3732 1150 3782 sieri.
1168 3751 1179 3776 υ
1193 3733 1273 3796 (Tac,

191 3804 317 3926 Aqaap),
332 3805 491 3936 xdidsiduvii,
511 3879 554 3937 Ὧς
580 3877 658 3935 Suet,
685 3875 746 3935 Tib,
769 3876 807 3925 66.
830 3903 859 3911 -
875 3877 941 3940 Sape
957 3879 1036 3926 tamen
1051 3876 1103 3926 ista
1126 3875 1274 3926 contumelia

209 3948 302 4069 pppiaipm
318 3948 405 3998 Tiberii
418 3948 584 3998 conscientiam
600 3948 758 4011 exagitabant,
776 3961 801 3996 ae
820 3961 866 4010 pra
885 3948 972 4012 pudore
985 3961 1025 3998 eas
1047 3947 1219 4011 diligentissiue
1238 3961 1275 3998 ee-

240 4057 389 4152 3.⁴Sueton.,
416 4091 547 4158 Calipulu,
569 4095 611 4154 to;
635 4093 662 4142 Ι).
688 4091 762 4151 Cass,
787 4107 835 4157 six,
863 4095 890 4154 6,
912 4092 1021 4157 loseph,
1042 4092 1175 4158 deliquit.
1200 4090 1274 4156 jud,

211 4166 499 4297 militanti-auo.

243 4307 265 4355 5.
284 4305 360 4367 ibid,
377 4308 414 4356 to.
