2916 4934
484 565 643 662 PARS
692 563 972 662 SECUNDA

628 775 832 784 ——-—·-—-.

194 958 478 1096 tunitii
538 959 772 1076 llllllllll
830 960 1263 1078 lllllllllllllllS

273 1190 354 1253 CUM
374 1189 591 1250 MALEVOLIS
613 1188 886 1252 SCRIPTORIBUS
908 1190 952 1250 SE
974 1191 1184 1251 GESSERINT

197 1399 309 1408 ...—

689 1793 764 1884 tr

195 1999 260 2064 An
271 1998 547 2079 imperatores
561 2014 651 2064 cum
665 1997 939 2079 scriptoribus
953 1998 1166 2066 maledicis
1181 2002 1261 2066 cle-

240 2105 399 2172 menter
416 2106 589 2188 egerint,
609 2106 836 2187 quibusque
853 2109 1057 2172 adversus
1076 2123 1149 2173 eos
1166 2109 1263 2189 legi-

241 2216 318 2279 hus
333 2213 393 2279 uti
407 2213 590 2294 possent.

243 2462 421 2550 Scriptores
455 2471 663 2550 oratoresque
694 2461 872 2550 saepissime
907 2484 981 2528 cum
1010 2462 1265 2550 imperatoribus

198 2571 340 2658 gessisse
357 2569 556 2649 inimicitias
568 2569 776 2657 acprincipes
792 2569 889 2636 modo
903 2569 996 2636 dictis
1008 2569 1210 2656 Jocularibus
1226 2592 1262 2637 ac

197 2677 335 2760 facetiis,
352 2677 449 2744 modo
464 2676 646 2743 minacibus
665 2677 818 2764 petivisse
835 2676 1054 2759 contumeliis,
1072 2678 1150 2744 satis
1171 2677 1262 2743 colli-

198 2785 288 2872 gitur
311 2806 348 2850 ex
368 2784 419 2850 his
442 2805 513 2872 quae
530 2783 679 2870 superius
703 2783 811 2849 retuli.
834 2786 989 2871 Superest
1006 2793 1041 2850 ut
1058 2784 1163 2851 dicam
1186 2805 1264 2872 quo-

198 2891 295 2958 modo
312 2891 440 2979 publiea
461 2891 635 2957 auctoritas
652 2911 685 2957 se
701 2890 841 2978 gesserit
856 2912 934 2978 erga
946 2890 1166 2980 philosophos,
1185 2912 1262 2958 cau-

200 2998 330 3080 sidicos,
344 2998 526 3086 juventutis
539 3007 765 3086 praeceptores
784 2999 956 3087 scriptores
970 2998 1125 3081 historia,
1136 3008 1260 3086 pectas,

199 3107 268 3195 qui,
285 3127 342 3194 per
357 3105 513 3193 pericula,
531 3105 715 3172 contumaci
737 3105 932 3187 temeritate,
954 3114 1103 3194 potentes
1122 3105 1263 3173 lacesse-

200 3213 291 3279 bant.

245 3325 279 3387 ln
310 3322 487 3386 otiosorum
512 3341 587 3388 vero
618 3321 759 3403 circulis,
795 3331 892 3410 atque
918 3321 952 3387 in
982 3321 1167 3387 forensibus
1199 3320 1264 3386 col-

197 3428 335 3522 loquiis,
373 3427 458 3494 inter
498 3426 726 3509 fabulandum,
772 3428 944 3517 disceptari
984 3427 1123 3510 solebat,
1155 3436 1265 3494 utrum

197 3535 314 3602 melius
332 3544 419 3602 esset
439 3534 571 3602 cuilibet
590 3534 768 3602 concedere
784 3557 856 3624 quae
872 3536 1008 3602 sentiret
1022 3534 1161 3601 liberum
1178 3534 1265 3600 arbi-

197 3644 293 3710 trium
317 3641 459 3724 dicendi‚
477 3663 517 3708 an
541 3641 709 3730 expediret
725 3642 883 3731 loquendi
907 3642 1135 3731 scribendique
1162 3642 1265 3710 lieen-

196 3751 274 3817 tiam
301 3750 406 3838 poenis
442 3751 615 3836 castigare.
646 3748 807 3816 Notabant
836 3749 973 3838 optimos
1003 3749 1166 3839 principes
1194 3750 1262 3817 ole-

198 3868 325 3924 menter
349 3856 581 3946 rempublicam
604 3865 773 3938 tractasse,
795 3878 833 3922 ae
854 3857 1068 3924 litteratorum
1093 3857 1264 3925 hominum

196 3966 288 4054 jocos
308 3965 377 4031 sine
393 3964 440 4031 ira
456 3963 651 4052 suscepisse.
673 3963 825 4031 Attamen
845 3964 1055 4053 imperatores
1072 3966 1128 4054 qui
1142 3987 1264 4054 nequa-

200 4093 298 4162 quam
320 4073 355 4139 in
376 4071 625 4140 deterrimorum
641 4093 814 4139 numerum
829 4074 943 4162 reponi
962 4084 1110 4162 possunt,
1131 4082 1165 4139 ut
1185 4074 1263 4160 Sep-

202 4179 314 4247 timius
339 4181 493 4262 Severus,
521 4178 729 4261 Aurelianus,
756 4180 1026 4275 Constantiusque
1053 4180 1262 4252 ferendarum
