2916 4934
580 338 618 383 llll
641 333 878 385 sculeroulnus

679 858 696 948 a
724 858 782 928 vu

416 1059 477 1122 De
499 1057 719 1140 tragoediis
742 1058 784 1122 et
808 1057 1045 1123 comoediis.

242 1303 412 1370 Scenicum
428 1327 509 1395 opus
529 1329 563 1374 se
583 1306 753 1373 commode
768 1303 919 1371 flectebat
934 1302 975 1370 ad
993 1324 1031 1370 ea
1046 1303 1262 1390 significanda

194 1429 266 1496 quae
292 1419 474 1498 temporum
497 1413 721 1502 opportunitas
738 1420 879 1501 caperet,
897 1412 964 1477 sive
981 1409 1131 1477 homines
1146 1410 1262 1477 litteris

194 1515 326 1596 exculti,
343 1527 440 1606 atque
456 1519 490 1584 in
506 1520 642 1587 circulos
659 1519 787 1598 adsciti,
804 1517 972 1584 recitatam
989 1516 1133 1583 fabulam
1151 1517 1264 1584 audie-

193 1619 285 1703 bant,
304 1624 370 1691 sive
387 1625 518 1712 vulgus,
537 1627 572 1692 in
591 1626 729 1705 theatro,
748 1623 931 1712 spectaculo
946 1624 1116 1690 intererat.

238 1730 429 1798 Novissimis
446 1742 548 1799 status
563 1732 728 1821 popularis
747 1731 877 1812 diebus,
899 1729 1031 1796 ludicrae
1058 1731 1263 1797 commissio-

194 1855 253 1902 nes
279 1837 457 1925 saepissime
484 1838 632 1905 fecerunt
656 1838 859 1906 occasionem
882 1835 1165 1903 animadvertendi
1190 1859 1262 1926 quae

195 1941 230 2007 in
245 1963 296 2009 res
313 1955 490 2031 praesentes
511 1945 654 2012 incidere
673 1944 879 2023 videbantur,
902 1943 1050 2032 quamvis
1068 1942 1262 2032 plerumque

195 2047 229 2113 id
244 2060 392 2117 auctores
408 2053 542 2118 minime
563 2052 773 2139 cogitassent.
793 2053 900 2117 Pauca
919 2049 1068 2136 exempla
1081 2049 1261 2137 producere

195 2155 274 2221 satis
291 2157 363 2223 erit.
378 2160 517 2246 AEsopus
530 2157 710 2244 tragaedus,
723 2157 802 2224 Attii
817 2166 920 2245 poetar
935 2158 1130 2245 Eurysacen
1144 2177 1260 2243 agens,

195 2261 358 2329 Ciceronis
375 2265 445 2329 tum
462 2264 641 2332 exsulantis
656 2285 789 2331 causam
805 2272 914 2351 aperte
934 2261 1105 2343 tractabat,
1122 2273 1153 2329 et
1167 2283 1262 2329 revo-

196 2367 330 2434 cabatur
350 2371 616 2458 aspectantibus,
633 2392 734 2459 quum
751 2392 787 2436 ea
803 2370 999 2436 declamaret
1021 2390 1028 2435 :
1050 2396 1066 2430 (ι
1087 2371 1130 2434 lle
1147 2368 1258 2448 dubia,

195 2494 254 2540 nec
286 2473 444 2544 dubitavit
467 2478 566 2544 vitam
593 2478 721 2559 offerre,
748 2498 809 2543 nec
830 2475 926 2564 capiti
953 2475 1138 2564 pepercit...
1162 2476 1184 2542 0
1210 2475 1261 2540 in-

192 2580 277 2666 grati
297 2582 422 2669 Argivi,
447 2582 655 2650 immemores
673 2583 861 2650 beneficii¹l
883 2609 900 2645 o
925 2582 1030 2670 Atque
1053 2581 1087 2646 in
1111 2580 1259 2668 ejusdem

194 2687 274 2753 Attii
291 2691 407 2770 Bruto,
425 2711 464 2756 er
479 2690 567 2778 regis
583 2690 678 2756 Tullii
695 2691 828 2757 nomine
844 2688 994 2756 alludens
1014 2688 1134 2754 oratori
1153 2690 1260 2754 Marco

145 2781 148 2787 ¹
194 2794 311 2876 Tullio,
328 2796 479 2882 ingentes
492 2797 624 2885 plausus
640 2796 685 2863 ibi
700 2796 850 2863 movebat
870 2818 877 2863 :
899 2821 916 2859 a
933 2793 1071 2874 Tollius,
1089 2795 1146 2882 qui
1159 2793 1259 2860 liber·
1300 2842 1304 2847 ·

194 2909 294 2967 tatem
310 2901 434 2969 civibus
450 2903 684 2970 stabiliverat².
702 2928 720 2966 n

238 3008 348 3074 Refert
374 3010 550 3076 Suetonius
570 3019 698 3076 cantata
719 3029 791 3075 esse
815 3007 915 3074 verba
930 3006 1092 3095 quaedam,
1110 3015 1182 3094 post
1196 3008 1260 3073 Cas-

195 3114 278 3181 saris
304 3114 514 3198 occisionem,
539 3115 579 3182 ad
602 3115 870 3183 commovendam
895 3113 1138 3180 miserationem
1164 3111 1260 3179 caedis

195 3221 278 3307 ejuS,
293 3212 591 3289 accommodata'ex
606 3220 737 3289 Pacuvii
752 3222 932 3287 Armorum
947 3218 1102 3286 tradicio:

318 3408 387 3457 blan*
402 3422 444 3457 me
459 3422 586 3470 servasse,
602 3412 631 3458 ut
646 3411 736 3458 essent
749 3407 794 3471 qui
808 3421 851 3456 me
863 3405 1033 3469 perderenttl

194 3585 407 3655 Observatum
428 3597 488 3669 est,
513 3587 598 3654 inter
618 3587 680 3654 alia
704 3587 799 3675 signa
821 3606 891 3675 quaa
910 3583 1029 3652 Neroni
1044 3585 1167 3652 exitum
1182 3605 1259 3673 por-

226 3838 247 3886 l.
266 3835 323 3896 Cic,
335 3836 385 3883 Pro
399 3835 495 3896 Sextio,
509 3836 538 3883 56
547 3839 570 3885 et
581 3836 618 3885 57.
628 3836 664 3884 Cf.
676 3834 742 3884 ltid.
752 3849 761 3882 .·
772 3855 783 3879 c
796 3835 889 3893 Quanto
904 3846 958 3882 cum
972 3832 1059 3895 gemitu
1072 3832 1154 3896 populi
1169 3832 1261 3883 romani

192 3904 217 3954 in
237 3907 317 3957 eadem
333 3907 413 3956 tabula
430 3921 435 3954 :
452 3905 578 3969 Opater!
599 3909 634 3956 lle
653 3906 694 3955 ille
713 3907 837 3955 atvsentcrn
856 3908 949 3967 patrem
965 3904 1135 3967 deplorandum
1151 3904 1258 3968 putabat,

193 3990 264 4040 quem
277 3977 345 4057 multi
358 3990 423 4093 ἔξω
437 3977 462 4026 in
476 3979 560 4026 senatu
573 3976 653 4040 patriae
666 3979 787 4040 parentem
801 3974 986 4025 nominaverant.
1002 3993 1013 4017 a

223 4046 248 4165 ἓ,
258 4044 376 4234 5gbbbdnd,
389 4083 489 4177 Ιθεεεαν,
508 4116 550 4177 85;
567 4115 677 4179 Appiam,
693 4115 766 4166 Bello
781 4116 839 4177 cia,
856 4129 883 4176 n,
900 4115 937 4165 ll.
953 4115 987 4164 Gt.
1004 4114 1062 4177 Cic,
1076 4113 1118 4164 Ad
1132 4114 1258 4175 Atticum,

194 4199 244 4246 rvr,
274 4225 280 4236 .
