2916 4934
196 336 230 390 OO
456 343 605 397 QUOMODO
628 344 752 390 notatur
776 337 1001 388 tttcuunconus

195 457 493 546 vieiauegligere¹.
518 459 558 525 llt
583 457 682 540 enim,
709 458 742 523 in
771 457 874 538 alveo,
901 457 1012 545 apium
1043 459 1114 546 regi
1147 470 1261 528 natura

195 567 335 634 detraxit
359 565 520 646 aculeum,
540 574 571 631 et
599 565 681 630 iram
708 566 778 652 ejus
798 563 964 630 innoxiam
983 586 1054 632 esse
1070 567 1183 659 voluit,
1202 568 1258 651 ita,

194 675 228 741 in
243 674 413 740 hominum
433 671 682 760 gubernatione,
704 672 764 739 hoo
788 671 976 759 imperantis
1001 675 1168 762 proprium
1189 697 1260 743 esse

197 781 305 860 debet,
332 780 486 869 injuriam
510 801 576 846 non
595 800 690 867 posse
711 779 835 860 ulcisci,
862 788 894 845 et
908 779 977 845 sine
992 780 1103 848 aculeo
1122 803 1204 849 esse.
1228 786 1263 851 Si

194 910 272 955 vera
300 896 375 954 suut
399 909 469 976 quae
497 887 699 966 allatrantur,
728 909 799 975 qua
820 895 930 953 nostra
951 887 1170 976 imprudentia
1197 901 1257 973 est,

193 994 381 1063 auctoribus
407 993 542 1082 punitis,
570 1016 608 1060 ea
628 993 727 1061 veluti
751 993 938 1081 publicare!
963 995 1020 1061 Sin
1040 994 1133 1078 salsa,
1151 997 1201 1064 bis
1220 999 1260 1064 fi-

195 1102 270 1169 dem
291 1100 467 1191 quamdam
484 1113 515 1168 ct
538 1100 761 1168 auctoritatem
785 1100 935 1182 lucianus,
954 1101 1031 1167 dum
1047 1104 1260 1171 contumelias

195 1211 292 1276 nimis
316 1230 479 1291 otxrunmS,
498 1230 568 1298 quae
583 1230 659 1275 mox
675 1208 822 1274 ominum
837 1228 986 1275 sermone
1006 1210 1257 1297 evcxlgabuntur,

196 1317 251 1384 ubi
266 1318 404 1406 populus
418 1317 544 1383 noverit
556 1337 615 1382 nos
632 1338 670 1383 ex
688 1316 748 1382 illis
763 1316 972 1382 offensionem
990 1318 1146 1405 cepisset

239 1424 378 1504 Quodsi
403 1424 585 1490 securitatis
611 1443 744 1490 oausam
769 1422 932 1505 obtendis,
957 1424 1058 1490 mcdto
1083 1425 1184 1492 tutius
1214 1436 1263 1492 est

196 1531 287 1617 diligi
312 1551 410 1619 quam
434 1530 556 1612 metui;
581 1541 688 1618 atque,
718 1541 754 1596 ut
776 1538 862 1596 reete
891 1530 943 1597 ille
971 1542 1062 1598 vetus
1095 1532 1260 1599 comedia

195 1658 334 1705 versus:

321 1843 431 1892 Necesse
445 1847 484 1892 est
497 1844 596 1892 multos
613 1843 712 1904 timeat,
730 1856 809 1906 quem
823 1842 901 1892 multi
913 1842 1034 1892 timentss.

195 2033 424 2122 Experimento
444 2033 628 2121 accepimus
644 2053 710 2098 non
725 2053 780 2098 eos
799 2033 961 2121 principes
978 2032 1109 2120 longius
1125 2054 1161 2099 ao
1174 2042 1262 2099 tran·

197 2141 328 2228 quillius
357 2161 497 2228 regnum
531 2139 723 2220 obtinuisse,
753 2139 809 2228 qui
835 2139 916 2206 nihil
943 2140 1107 2228 antiquius
1136 2139 1260 2206 habue-

196 2258 283 2329 runt,
315 2269 414 2336 quam
448 2257 483 2313 ut
515 2247 658 2313 hostium
690 2247 754 2313 iras
792 2246 958 2335 suppliciis
999 2248 1258 2335 exstinguerent,

195 2355 302 2443 ignari
324 2364 482 2443 quantum
501 2353 635 2442 periculi
654 2353 830 2436 exoriatur,
846 2353 902 2420 ubi
923 2374 1020 2441 supra
1041 2353 1173 2420 modum
1186 2353 1260 2420 odia

195 2471 378 2530 creverunt.
399 2465 637 2550 «Temperatus
655 2462 742 2527 enim
757 2461 855 2528 timor
871 2460 998 2527 cohibet
1018 2461 1143 2528 animos
1157 2484 1164 2542 ;
1180 2460 1261 2528 assi-

196 2570 279 2636 duus
296 2590 371 2636 vero
388 2579 419 2635 et
439 2590 523 2649 acer,
543 2569 573 2634 in
591 2568 761 2635 audaciam
781 2570 928 2656 jacentes
944 2568 1072 2649 excitat,
1100 2577 1132 2635 et
1151 2569 1261 2634 omnia

195 2677 334 2765 experiri
357 2676 480 2743 suadet.
506 2679 598 2742 Errat
623 2675 723 2758 enim,
742 2677 797 2764 qui
822 2676 985 2742 existimat
1000 2684 1106 2741 tutum
1127 2674 1173 2741 ibi
1189 2695 1260 2742 esse

194 2805 320 2871 regem,
344 2784 401 2851 ubi
423 2783 504 2849 nihil
528 2805 546 2849 a
571 2805 648 2870 rege
672 2793 779 2850 tutum
804 2793 870 2863 est;
902 2782 1058 2849 securitas
1087 2783 1260 2849 securitate

194 2891 388 2980 paciscenda
415 2891 524 2957 estl.»
554 2893 636 2958 Vera
666 2900 716 2957 est
740 2889 900 2972 custodia,
931 2890 1049 2956 civium
1081 2890 1198 2956 caritas
1230 2899 1262 2956 et

193 2998 348 3087 principis
372 2999 576 3078 innocentia;
604 3020 642 3065 ea
668 3008 717 3065 cst
741 3020 797 3064 arx
829 2997 1007 3078 inaccessa,
1034 2996 1094 3062 hoc
1121 2997 1260 3084 inexpu-
1291 3059 1292 3062 ,

192 3105 323 3192 gnabile
339 3105 592 3186 munimentum,
614 3106 818 3172 munimento
835 3112 866 3170 et
881 3125 953 3170 arce
970 3124 1035 3169 non
1057 3124 1165 3190 agore.
1191 3104 1258 3170 Au-

193 3222 342 3299 gustum,
364 3214 553 3302 Trajauum,
575 3211 789 3293 Hadrianum,
812 3221 908 3300 atquc
930 3210 1131 3276 Antoninum
1152 3211 1257 3291 Pium,

195 3329 226 3387 et
250 3329 409 3409 quotquot
439 3320 530 3386 luere
558 3319 671 3408 optimi
699 3319 874 3408 principes,
906 3318 1077 3384 clementia
1109 3316 1185 3384 feeit
1211 3338 1261 3384 se-

196 3448 303 3495 curos.
324 3426 551 3516 Nequidquam
572 3448 648 3495 vero
666 3427 718 3493 ille
740 3447 773 3493 se
791 3425 1000 3514 stipatoribus
1021 3424 1143 3512 cinget,
1161 3445 1258 3513 quem

226 3733 247 3781 1.
266 3730 374 3782 Julianus
395 3730 472 3779 dicere
491 3729 601 3780 solebat:
621 3749 632 3774 a
647 3731 757 3779 lucuseut
772 3729 825 3791 jura
844 3727 1006 3787 clementiam
1029 3727 1070 3776 sed
1093 3727 1259 3790 imperatorem

193 3802 315 3851 mitissimi
330 3801 400 3851 animi
421 3801 512 3863 legibus
532 3804 644 3864 praestare
664 3801 749 3850 ceteris
769 3800 844 3849 decet.
862 3819 873 3844 n
897 3799 946 3861 (Sia
968 3798 1031 3862 apud
1050 3800 1125 3848 Anam.
1146 3797 1259 3859 Marcell,

194 3888 245 3933 xvc,
264 3873 297 3934 5.)

225 3946 247 3992 2.
267 3945 363 4001 Seneca,
382 3945 418 3992 De
436 3943 523 4002 Clam„
542 3959 557 4002 ι,
576 3946 619 4003 111;
640 3945 666 3992 D.
688 3944 763 4004 Cass,
779 3959 818 4005 ιιι,
835 3943 872 3990 31.
896 3942 932 3991 Cl.
954 3943 984 3990 11.
1001 3940 1090 4001 nauel,
1110 3941 1170 4004 apud
1191 3942 1258 3991 Vale.

195 4014 287 4074 Gallia,
303 4014 377 4064 nata.
396 4015 477 4073 Cosa,
496 4017 531 4063 11.

226 4087 248 4134 3.
267 4087 388 4146 Laberius,
409 4087 471 4150 apud
484 4087 606 4147 Senecam,
621 4088 658 4136 De
670 4086 723 4147 Iro,
736 4102 760 4147 ιι,
776 4089 811 4135 tl.
827 4087 861 4135 Cf.
874 4085 986 4145 llacrob.‚
1006 4084 1124 4144 Satura,
1141 4099 1165 4144 u,
1182 4085 1209 4143 “1;
1231 4085 1259 4132 Α.

196 4157 266 4217 Gall,
280 4173 329 4218 xxu,
347 4160 388 4217 t53
405 4161 450 4207 ela.

226 4231 248 4280 t.
267 4231 363 4289 Seneca,
376 4230 414 4280 lle
430 4229 519 4290 Cleua,
534 4233 590 4290 ι,12
604 4235 626 4280 ot
641 4234 677 4281 to.
693 4230 727 4278 ΕΓ.
745 4230 766 4279 8.
