2916 4934
327 337 392 382 CUM
417 334 597 381 untut'tttts
619 332 855 380 Stlttr'louttttts
878 335 914 377 su
936 333 1127 380 utssutttu‘t'.
1225 324 1259 372 ill

194 448 332 537 parandi
351 448 486 514 consilia
504 445 676 525 retinebat,
695 444 809 523 donee,
831 448 933 512 Druso
949 448 1069 513 Caesare
1086 444 1257 526 exstincto,

195 577 318 622 morem
334 556 366 621 in
382 555 526 621 deterius
541 552 717 618 mutaret¹.'
735 555 854 618 Drusus
871 552 970 631 enim,
992 561 1028 619 ut
1042 552 1133 618 multi
1151 551 1260 618 crede-

195 661 285 744 bant,
304 662 403 750 patris
426 660 634 727 acerbitatem
661 658 843 745 mitigabat.
870 659 958 726 Liuia
976 661 1125 745 Augusta
1144 680 1259 746 super-

196 779 277 850 erat,
308 769 458 835 ultimum
500 776 613 833 contra
647 766 802 853 principis
831 767 914 832 iram
945 766 1144 854 perfugium,
1183 766 1260 855 quia

195 875 345 942 Tiberius
364 886 503 941 matrem
526 870 740 954 observabat3
763 873 968 961 Sejanusque
988 874 1056 961 ipse
1072 893 1138 939 non
1157 872 1260 940 aude-

193 982 249 1048 bat
263 982 359 1049 Liviae
375 980 557 1049 auctoritati
574 978 834 1060 contradicere²;
852 979 908 1046 ubi
924 1001 962 1045 ea
977 979 1129 1046 defuncta
1143 990 1203 1060 est,
1226 980 1259 1046 in

196 1088 352 1155 saevitiam
369 1088 518 1155 Tiberius
540 1086 630 1154 abire
654 1086 766 1174 copit3
792 1085 945 1174 denique,
973 1087 1081 1174 Sejani
1098 1087 1192 1153 malis
1210 1108 1261 1153 ar·

195 1195 282 1262 tibus
315 1194 463 1278 detectis,
498 1214 612 1261 omnes
637 1194 705 1281 jam
733 1193 842 1261 timuit
869 1203 901 1260 et
919 1205 1090 1282 suspectos·
1111 1194 1257 1263 habuit³.

196 1305 348 1368 Attamen
373 1301 540 1368 fatendum
560 1310 620 1383 est,
644 1300 695 1368 vel
717 1301 750 1367 in
773 1301 887 1388 primis
910 1300 1076 1368 tiberiana
1093 1302 1260 1390 potestatis

196 1409 303 1488 annis,
325 1408 398 1495 lege
415 1407 594 1495 majestatis
609 1407 768 1496 quosdam
784 1406 908 1474 occisos
924 1417 979 1474 aut
993 1408 1154 1495 relegatos
1174 1429 1257 1476 esse.

196 1518 276 1582 Nam
292 1515 445 1603 Pompeio
457 1517 563 1581 Macro
583 1523 719 1602 pratore
745 1535 820 1580 eum
844 1515 1033 1582 consulente
1051 1540 1067 1577 «
1083 1537 1124 1581 an
1136 1515 1260 1602 judicia

198 1623 378 1710 majestatis
394 1622 466 1707 cogi
482 1620 662 1709 juberet»,
679 1620 847 1709 respondit
863 1621 1061 1688 exercendas
1075 1643 1146 1688 esse
1157 1623 1259 1709 leges

197 1730 358 1817 praecipue
388 1738 571 1817 asperatus,
608 1728 685 1816 quia
714 1727 961 1816 epigrammata,
991 1728 1122 1795 incertis
1151 1740 1280 1812 aurcto-¹

198 1835 302 1918 ribus,
317 1836 351 1900 in
367 1836 474 1923 ipsum
493 1835 625 1922 vulgata
648 1836 773 1902 erantl.
797 1835 921 1902 Lutorii
940 1834 1064 1901 cladem
1082 1835 1126 1901 ibi
1142 1836 1264 1902 edisse·

197 1963 280 2021 ram,
299 1963 370 2030 qua
387 1941 427 2008 ad
445 1963 516 2008 rem
533 1952 678 2008 nostram
704 1941 878 2029 pertineat,
900 1951 937 2008 ut
950 1941 1151 2028 intelligatur
1164 1964 1262 2030 quam

195 2050 302 2137 inepte
318 2049 473 2115 immanis
488 2049 540 2115 lex
556 2049 735 2136 majestatis
752 2058 849 2121 esset.

237 2156 388 2222 Lutorius
427 2156 568 2236 Priscus,
618 2176 718 2244 eques
754 2175 922 2235 romanuS,
961 2166 1035 2244 post
1078 2158 1261 2224 Germanici

195 2261 332 2343 obitum,
357 2283 471 2329 versus
495 2262 642 2328 ediderat
659 2261 778 2350 quibus
799 2262 897 2350 hujus
919 2263 977 2331 viri
999 2284 1151 2351 suprema
1175 2264 1261 2331 cele-

194 2368 354 2436 braverat.
374 2368 408 2434 ld
428 2390 559 2436 carmen
580 2369 695 2457 plausu
714 2371 868 2450 maximo,
885 2369 1160 2458 quemadmodum
1178 2373 1260 2442 ratio

194 2478 349 2564 temporis
361 2475 557 2564 postulabat,
575 2487 743 2565 exceptum
760 2487 820 2559 est,
838 2499 874 2544 ac
890 2478 1052 2557 Tiberius,
1070 2480 1125 2567 qui
1137 2478 1260 2570 luctum

196 2582 363 2670 ingentem
376 2583 482 2671 palam
500 2583 681 2665 affectabat,
701 2605 890 2672 quanquam
908 2585 1100 2653 Germanici
1121 2598 1262 2651 mortem

198 2688 285 2755 inter
306 2711 468 2778 prospero
488 2688 643 2771 diicedat,
669 2690 815 2758 Priscum
835 2693 974 2779 pecunia
996 2691 1139 2760 donavit.
1162 2693 1261 2759 Paulo

196 2805 281 2884 post,
298 2817 397 2885 quum
411 2798 532 2863 Drusus
550 2798 667 2878 (iasar,
689 2796 809 2864 Tiberii
827 2797 926 2879 filius,
943 2799 1037 2885 gravi
1052 2799 1166 2866 morbo
1183 2821 1261 2866 con-

197 2902 386 2985 flictaretur,
413 2903 542 2970 Priscus
567 2902 739 2970 decessum
763 2905 914 2987 alterum,
941 2915 973 2971 et
998 2905 1131 2971 alteram
1154 2906 1262 2972 conci-

196 3008 298 3075 liandi
313 3009 432 3076 favoris
448 3010 665 3089 occasionem,
680 3011 878 3099 praemiaque
895 3012 1019 3098 majora
1035 3011 1202 3093 odoratus,
1222 3034 1261 3079 ne

197 3116 290 3183 [trusi
313 3137 401 3182 mors
423 3137 457 3183 se
484 3117 678 3204 imparatum
699 3119 867 3206 reperiret,
893 3119 1036 3185 hominis
1060 3120 1260 3206 aegrotantis,

99 3237 101 3240 ·
131 3312 133 3316 Ι
197 3242 304 3310 neque
343 3232 452 3289 tamen
480 3224 641 3305 morituri,
680 3224 850 3291 funebrem
883 3224 1104 3292 laudationem
1134 3226 1263 3314 scripsit

198 3326 389 3409 immature3
412 3332 532 3396 Drusus
549 3331 636 3396 enim
653 3353 690 3397 ex
706 3331 820 3398 morbo
836 3332 1009 3399 convaluit.

242 3437 371 3502 Priscus
387 3457 476 3518 vero,
499 3436 619 3503 nedum
646 3459 777 3505 carmen
791 3439 858 3526 jam
882 3438 944 3505 sibi
966 3438 1184 3526 periculosum
1204 3438 1263 3504 de-

197 3541 280 3608 leret
312 3542 364 3608 vel
392 3543 525 3624 celaret,
570 3565 607 3610 eo
639 3544 866 3630 imprudentia
903 3546 1001 3626 irenit,
1036 3556 1072 3612 ut
1101 3544 1135 3611 in
1166 3545 1263 3612 domo

198 3649 233 3713 P.
251 3649 405 3730 Petronii,
424 3670 533 3715 coram
553 3649 685 3717 leminis
709 3650 903 3732 illustribus,
930 3652 1082 3718 incautus
1098 3652 1261 3718 recitaret.

197 3753 232 3819 ld
250 3755 394 3822 criminis
411 3756 521 3823 Prisco
536 3777 555 3823 a
570 3756 769 3825 delatoribus
794 3758 970 3846 obJ'ectum,
994 3757 1081 3848 quod
1109 3758 1263 3825 «nefaria

232 3996 253 4045 l.
271 3998 335 4054 Tac,
352 3995 458 4056 dicuat,
471 4010 503 4055 iv,
519 3998 528 4044 l
544 3999 568 4045 ot
580 3997 602 4045 i.

230 4067 254 4115 2.
271 4069 336 4122 Tac,
351 4065 428 4124 lbid..
444 4081 467 4126 v,
479 4067 501 4115 3.

231 4137 254 4186 3.
271 4136 306 4185 Cl.
321 4138 397 4196 Suet,
416 4137 506 4197 Tibern,
523 4138 561 4185 ol.

229 4208 251 4255 l.
270 4209 348 4267 Suet,
362 4207 439 4269 idid,
456 4208 499 4268 583
515 4201 598 4269 Tacit,
613 4209 719 4270 Aurml,
736 4224 751 4269 r,
767 4212 805 4259 72.
