2916 4934
487 414 751 469 Houtntsstlsotla-
764 414 961 460 blTTuatrls.
1225 405 1256 457 l9

150 508 158 521 ⁶
193 528 350 596 libertatis
370 538 577 609 assertorem,
601 528 800 596 invocaret¹.
820 527 946 594 Cassius
967 530 1119 609 Severus,
1137 527 1258 617 dequo

194 636 328 703 uberius
344 636 460 716 infra¹,
482 661 498 697 a
521 635 643 702 omissa
656 627 816 701 modestia
834 645 865 701 et
884 635 1006 722 pudore
1030 635 1218 715 verborum,
1237 661 1254 698 a
1330 653 1334 662 ’

195 765 261 809 aon
284 743 470 831 pugnabat,
498 742 556 809 sed
581 741 781 807 rixabatur³.
812 741 955 807 Licinius
981 744 1126 823 Murena,
1159 742 1259 809 Primi

196 856 326 916 causam
355 870 472 935 agens,
502 848 536 914 in
561 850 748 934 Augustum
775 857 970 935 praesentem
999 848 1148 936 quaedam
1179 847 1259 914 irre·

197 966 346 1025 verenter
367 955 467 1036 dixit;
489 964 652 1043 postremo
672 976 679 1021 :
707 982 722 1016 «
739 955 842 1033 Quare
862 954 907 1021 ibi
930 954 1037 1021 ades?
1052 954 1134 1034 Quid
1148 964 1180 1020 te
1195 954 1258 1022 huc

196 1062 348 1131 vocavit?
364 1088 379 1123 »
398 1062 452 1129 Cui
468 1063 633 1150 princeps,
659 1082 737 1127 voce
759 1060 844 1127 comi
864 1070 895 1126 et
916 1060 1044 1148 placida
1066 1060 1256 1149 respondit:

200 1197 217 1232 a
230 1173 310 1237 Cura
323 1168 401 1236 boni
420 1167 542 1256 publici
552 1168 575 1233 l.
594 1194 611 1231 »

240 1279 307 1343 Hoc
337 1275 528 1364 Vespasiani
563 1273 797 1341 moderationis
832 1285 1063 1360 argumentum
1098 1275 1258 1363 praecipue

197 1383 359 1472 produnt:
380 1402 456 1448 eum
471 1380 708 1448 causidicorum
723 1380 855 1468 obliqua
868 1381 965 1462 dicta,
979 1382 1109 1470 fiqttroc
1120 1392 1152 1448 et
1162 1381 1260 1448 cavil-

196 1491 333 1557 lationes
347 1489 514 1555 lenissime
534 1487 681 1554 tulisse⁵.
708 1487 858 1554 Claudius
878 1489 1066 1576 imperator,
1087 1489 1172 1575 juris
1187 1486 1261 1555 dili-

198 1597 408 1685 gentissimus
421 1606 544 1676 custos,
560 1595 749 1683 saepissime,
763 1595 796 1660 in
808 1594 877 1661 loro
892 1595 1009 1661 sedens
1021 1610 1078 1682 pro
1090 1595 1257 1675 tribunali,

194 1703 318 1792 judicia
332 1703 400 1790 ipse
422 1701 575 1788 reddidit.
602 1703 644 1767 At
661 1701 836 1768 Suetonius
859 1712 971 1768 auctor
988 1701 1055 1768 est⁶
1077 1701 1259 1769 causidicos

202 1834 218 1872 «
236 1809 317 1876 adeo
330 1812 401 1898 ejus
423 1809 578 1897 patientia
600 1808 711 1875 solitos
730 1807 833 1890 abuti,
850 1818 886 1875 ut
900 1807 1151 1875 descendentem
1168 1830 1184 1875 e
1199 1809 1259 1875 tri-

198 1915 310 1983 bunali
332 1937 399 1983 non
421 1917 525 1983 solum
554 1936 632 1983 voce
658 1923 860 1996 revocarent,
887 1914 945 1980 sed
972 1925 1005 1980 et
1027 1914 1145 1980 lacinia
1174 1925 1259 2002 togae

199 2033 337 2105 retenta,
352 2022 516 2090 interdum
536 2022 618 2111 pede
639 2021 841 2109 apprehenso
857 2020 1080 2105 retinerent».
1097 2022 1270 2092 Graeculus.

190 2130 341 2217 litigator
368 2129 449 2196 adeo
476 2130 625 2218 petulans
652 2128 723 2209 luit,
749 2138 786 2194 ut
810 2127 940 2195 Claudio
970 2127 1092 2195 diecret
1118 2152 1125 2195 :
1155 2155 1171 2191 a
1197 2131 1257 2211 Tu,

199 2235 455 2303 mediusfidius!
476 2237 566 2302 senio
579 2234 696 2301 debilis
711 2256 758 2315 eS,
775 2245 807 2302 ct
821 2235 972 2302 insanus!
991 2260 1007 2297 u
1030 2235 1106 2301 lnde
1122 2237 1258 2318 Seneca,

199 2344 233 2410 in
264 2364 323 2410 suo
352 2342 392 2409 de
424 2343 546 2409 Claudii
577 2352 681 2409 morte
711 2342 800 2425 ludo,
832 2363 929 2430 qoem
959 2342 1260 2431 Apocolocyntosin

199 2460 327 2531 vocant,
359 2449 538 2537 principem
561 2448 653 2516 finxit
681 2460 873 2537 querentem
903 2449 989 2537 apud
1020 2451 1190 2517 Herculem
1219 2450 1259 2518 de

200 2555 438 2623 causidicorum
468 2556 671 2622 contumacia
700 2578 707 2622 :
736 2556 926 2638 «Tuscis,
955 2555 1072 2644 inquit,
1101 2567 1259 2644 quantum

199 2663 407 2730 miseriarum
419 2663 620 2751 pertulerim,
638 2683 738 2751 quum
755 2661 934 2730 causidicos
947 2663 1094 2729 audirem
1108 2686 1116 2744 ;
1131 2664 1165 2729 in
1178 2686 1260 2753 quos

200 2770 228 2837 si
256 2768 439 2851 incidisses,
472 2769 565 2836 valde
597 2769 688 2836 fortis
715 2768 791 2835 licet
816 2769 875 2836 tibi
905 2769 1058 2851 videaris,
1088 2770 1261 2839 maluisses

201 2876 327 2943 cloacas
359 2876 473 2963 Augiae
497 2897 660 2964 purgare3
694 2875 796 2942 multo
826 2876 899 2964 plus
928 2897 990 2962 ego
1022 2877 1172 2944 stercoris
1206 2900 1262 2945 ex-

199 2982 325 3049 hausi'.
346 3008 361 3046 »

244 3093 353 3178 Neque
369 3088 403 3155 in
416 3089 578 3156 senatoria
591 3089 776 3177 eloquentia
790 3089 950 3157 libertatis
966 3091 1113 3179 exempla
1129 3091 1259 3159 desunt.

200 3196 350 3284 Augusto
374 3196 444 3283 jam
477 3197 633 3284 principe,
663 3195 770 3262 Labeo
795 3196 968 3279 Antistius,
998 3199 1031 3264 in
1062 3199 1136 3286 jure
1169 3198 1263 3266 ualde

201 3303 329 3383 doctus,
356 3302 535 3391 incorrupti
560 3303 673 3385 animi,
695 3325 732 3369 ac
759 3324 885 3369 memor
912 3304 1109 3372 conditionis
1135 3308 1169 3372 in
1200 3328 1264 3395 qua

201 3419 298 3477 natus
316 3419 396 3491 crat,
421 3409 501 3475 nibil
526 3419 633 3477 ratum
654 3408 806 3491 habebat,
829 3410 893 3476 nisi
917 3411 1004 3500 quod
1023 3413 1150 3499 justum
1173 3413 1264 3480 vide-

202 3516 317 3602 batur;
345 3516 521 3583 simulandi
540 3516 683 3597 nescius,
706 3525 738 3583 et
759 3517 815 3605 qui
836 3517 1005 3585 veritatem
1036 3519 1125 3585 nullo
1153 3518 1266 3585 adula-

201 3622 299 3690 tionis
341 3622 549 3690 coadimento
586 3631 793 3711 temperaret.
841 3624 1070 3713 Sapenumero
1108 3624 1266 3693 adversus

235 3865 257 3912 l.
274 3863 350 3922 Suet,
364 3861 478 3922 libatae,
491 3862 514 3912 6.

234 3936 258 3985 2.
275 3935 355 3982 Parte
369 3933 415 3993 lle,
431 3934 495 3996 §2⁰.

235 4005 257 4053 3.
276 4002 346 4053 nial.
364 4003 448 4064 Orat,
464 4004 502 4051 26.
519 4003 554 4052 Gi.
572 4004 662 4063 Quint,
679 4019 702 4064 x,
720 4006 742 4065 l,
759 4006 813 4054 llo.

236 4077 257 4123 l.
276 4075 303 4122 D.
320 4075 398 4133 Cass,
413 4089 458 4135 mv,
475 4076 497 4122 3.
512 4074 547 4123 Cl.
561 4077 637 4134 Suet,
654 4075 753 4136 Oeten,
770 4078 809 4124 56.

235 4145 258 4193 5.
277 4146 384 4204 Sueten..
404 4146 487 4209 resp,
504 4148 546 4205 l33
563 4148 590 4194 Α.
603 4145 691 4206 Victor,
707 4146 788 4210 Epic,
804 4147 827 4196 9.
843 4147 878 4196 Cl.
895 4147 983 4211 Spart,
999 4146 1105 4211 Septim.
1120 4145 1214 4208 Severa,
1230 4147 1267 4195 ll.

235 4215 258 4264 6.
273 4215 377 4277 Claud,
395 4218 432 4264 ld.
744 4252 745 4258 ,

234 4286 258 4336 Ἰ.
276 4288 373 4347 Seneca,
388 4285 507 4351 Apolol,
523 4289 546 4336 l.
563 4285 598 4336 Cl.
612 4286 688 4347 loia,
704 4289 741 4337 l2.
