2916 4934
489 311 743 366 nouttttssusocu
766 313 962 359 LlTTliltATlS.
1222 301 1255 354 23

193 424 343 491 alumnos
365 424 561 492 advocarent
580 424 620 491 ad
645 435 769 492 veteres
788 425 972 513 reipublicae
995 434 1151 506 oratoreS,
1169 425 1258 490 velut

193 531 235 597 ad
258 532 530 600 excellentissima
546 532 677 599 dicendi
692 533 851 621 exempla.
869 532 977 599 Cicero
991 531 1024 597 in
1041 531 1152 619 primis
1167 550 1257 596 eem-

193 637 354 719 mendari,
371 660 442 705 esse
459 639 492 704 in
515 640 659 705 oxnnium
684 639 847 720 manibus,
865 639 1014 720 lectitari,
1041 637 1197 704 rerelvi¹.
1222 635 1259 701 ld

193 765 269 811 vero
296 765 459 811 essenon
486 755 623 833 poterat,
651 747 729 834 quin
756 747 914 834 juvenum
941 743 1112 831 generosis
1139 742 1257 809 animis

194 849 396 917 desiderium
409 851 625 919 inculcaretur
640 852 758 918 horum
772 862 969 940 temporum,
981 851 1100 939 quibus
1118 877 1134 911 «
1152 849 1258 937 splen·

193 957 253 1023 dor
272 979 380 1023 rerum
403 969 435 1025 et
452 959 645 1047 magnitudo
661 979 890 1040 causarum...,
909 958 1133 1025 accusationes
1148 966 1258 1044 poten-

192 1065 274 1130 tium
290 1085 434 1147 reorum,
449 1067 624 1152 assignatae
641 1065 739 1131 etiarn
757 1065 909 1131 domibus
922 1063 1112 1144 inimicitia,
1126 1061 1258 1129 assidua

193 1183 326 1238 senatus
342 1172 498 1238 adversus
512 1172 640 1260 plebem
657 1173 845 1252 certamina,
864 1172 923 1238 etsi
936 1170 1159 1238 distrahebant
1173 1191 1258 1235 rem·

191 1276 369 1365 publicam,
395 1279 590 1345 exercebant
612 1290 722 1345 tamen
748 1279 985 1367 eloquentiam²
1009 1305 1040 1356 »,
1066 1287 1098 1343 et
1119 1275 1260 1342 necessi-

193 1392 271 1465 tate,
286 1384 385 1465 lama,
400 1387 541 1475 praemiis
557 1385 728 1472 ingenium
742 1385 963 1452 stimulabant.

237 1492 371 1558 Accedit
398 1501 444 1573 ut,
476 1493 511 1558 in
537 1493 737 1559 scholasticis
769 1493 984 1578 argumentis,
1016 1512 1099 1579 saepe
1125 1489 1258 1555 libertas

194 1597 337 1663 moriens
363 1620 466 1684 regno
492 1598 672 1686 incipienti,
701 1609 733 1664 et
757 1600 826 1686 jam
854 1600 906 1665 sui
929 1599 1014 1666 uires
1040 1595 1256 1685 praetentanti,

194 1702 425 1771 obluctaretur.
443 1704 639 1772 Tiruneulus
660 1715 769 1772 orator
788 1705 883 1773 Sullae
906 1704 1004 1771 dabat
1018 1703 1191 1770 eonsilium

727 1900 849 1949 Privatus
862 1903 891 1948 ut
906 1899 990 1947 altum

349 1971 507 2032 nerninem,

193 2150 245 2217 vel
265 2150 405 2216 Tullium
427 2151 591 2232 monebat,
617 2172 657 2218 ne
679 2151 833 2233 Antonio,
854 2159 927 2238 post
949 2147 1157 2237 Pbileppe'ees
1174 2150 1259 2213 Ore-

195 2256 309 2337 ticum,
336 2278 407 2324 sese
432 2268 622 2338 excusaret3
649 2258 715 2324 imo
741 2280 817 2325 vero
850 2257 935 2323 Silus
958 2255 1107 2322 Albutius
1130 2255 1260 2321 conclu-

195 2360 291 2430 debat
304 2364 510 2430 moriendum
523 2386 596 2432 esse
608 2366 764 2445 Ciceroni,
779 2364 906 2430 etiamsi
917 2384 1013 2430 nemo
1028 2361 1257 2450 proscriberet,

195 2491 295 2558 quum
322 2472 432 2558 patriae
457 2481 547 2560 pater
572 2482 601 2538 et
623 2472 743 2540 vindex
766 2471 906 2537 libertati
930 2470 1062 2559 perdita
1085 2490 1256 2556 superesse

195 2599 260 2643 non
281 2579 431 2665 possetl3
454 2580 678 2667 optimumque
696 2578 942 2646 existimabatur
960 2576 1118 2643 semeria}
1137 2596 1255 2662 genoe,

195 2684 323 2750 Catonis
341 2686 500 2752 Uticensis
516 2687 653 2773 jamjam
673 2685 834 2766 morituri,
852 2706 889 2750 ae
904 2684 1036 2751 Caesaris
1051 2681 1257 2749 elementiam

195 2791 398 2873 declinaturi,
416 2791 530 2859 ultima
545 2792 643 2859 verba
655 2793 834 2859 retexere⁵.

240 2901 435 2986 Tyrannum
464 2899 580 2965 acriter
609 2899 829 2966 insectabatur
853 2897 1044 2965 scholastica
1064 2894 1255 2983 juventusl,

194 3003 302 3072 verbis
317 3016 409 3093 pasta
423 3005 613 3093 ingentibus
629 3016 660 3072 et
674 3004 869 3091 magnificis,
889 3003 967 3070 dum
989 3003 1101 3070 ordine
1118 3003 1256 3091 quisque

195 3131 254 3178 suo
269 3110 413 3178 belluam
430 3114 525 3179 istam
541 3113 613 3179 telis
632 3114 862 3201 insequuntur,
880 3120 912 3178 et

350 3307 461 3358 Perimit
476 3323 559 3358 saevos
574 3308 666 3358 elassis
680 3321 823 3357 numeroso
835 3311 973 3371 tyrannos,

194 3507 429 3595 praemiumque
459 3507 662 3596 expostulant
691 3505 803 3595 patriae
836 3504 1013 3585 liberatori,
1045 3501 1100 3590 qui
1132 3511 1258 3590 pestem

227 3766 249 3813 t.
267 3766 385 3824 Attamen,
404 3765 545 3827 quibosdam
562 3765 585 3814 in
604 3765 700 3824 scholis,
719 3765 799 3815 Cicero
816 3762 907 3813 modice
922 3762 1065 3827 probabatur
1080 3760 1147 3824 (Vide
1166 3762 1259 3821 Senec,

196 3833 282 3894 Sena,
298 3838 325 3896 Ἱ;
344 3835 444 3900 Dielop.
461 3836 575 3895 Orator,
589 3839 618 3884 22
631 3841 655 3886 et
666 3837 715 3899 23).

225 3909 248 3957 2.
267 3908 338 3956 Diae.
355 3907 469 3967 Orator,
485 3908 514 3955 36
529 3911 552 3957 et
568 3910 606 3958 dl.

226 3981 249 4028 3.
266 3981 363 4037 luten,
377 3995 394 4035 1,
413 3981 450 4028 16.

229 4050 249 4098 l.
268 4049 365 4108 Seneca,
380 4049 466 4110 Suae,
478 4052 500 4098 6.

227 4122 249 4169 ti.
269 4121 344 4181 Pera,
360 4134 394 4181 nr,
407 4122 444 4169 45.

226 4191 249 4240 6.
266 4191 325 4241 Vide
338 4194 435 4252 terren,
449 4207 490 4253 vn,
504 4193 560 4252 tem
577 4190 646 4240 nial.
664 4190 779 4252 Orator,
801 4192 843 4250 35;
863 4192 968 4250 Petren,
981 4188 1104 4252 Satyrie,
1122 4190 1150 4247 t;
1168 4189 1213 4235 etc.
