2916 4934
324 376 388 422 CUM
413 374 593 422 MllLllVOLlS
615 374 852 423 acclamamus
874 374 911 422 su
933 373 1125 428 cassantur.
1225 366 1256 418 81

194 500 282 572 sunt,
304 511 374 578 quae
394 490 535 557 tiliorum
552 512 684 558 suorum
700 513 814 558 necem
829 490 998 560 flevissent
1008 513 1016 573 ;
1032 490 1176 579 periculo
1192 498 1261 556 erat

192 619 348 686 proavum
372 597 456 664 inter
472 598 687 686 Pompeianos
708 620 892 681 numerare,
910 597 1088 666 nativitatis
1113 597 1201 664 diem
1219 608 1261 665 at-

194 728 256 795 que
272 705 385 772 horam
402 716 586 793 suspectam
601 706 733 788 babere,
752 707 902 796 apudque
919 706 1101 794 astrologos
1115 705 1260 772 futurum

193 813 364 901 indagare.
377 813 526 879 Tiberius
545 813 734 901 explorabat
749 835 821 902 quae
838 813 871 879 in
891 814 974 896 ior'o,
991 813 1025 879 iu
1041 812 1210 896 conviviis,
1227 815 1261 880 in

194 920 451 1003 recitationibus,
467 930 578 987 contra
594 943 628 988 se
642 921 727 988 dicta
741 931 852 988 essent
866 931 921 988 aut
935 920 1065 1009 scripta.
1083 923 1159 988 Erat
1175 945 1192 984 a
1208 943 1261 988 ac-

195 1029 332 1096 cusandi
352 1028 555 1118 frequeus'et
577 1050 659 1118 pene
679 1028 810 1117 publica
829 1028 950 1111 rabies,
974 1050 1045 1119 quae
1066 1028 1154 1095 omni
1174 1028 1260 1096 bello

194 1136 279 1205 civili
317 1137 451 1223 gravius
483 1146 628 1222 togatam
656 1136 819 1205 civitatem
849 1136 1000 1203 confecit.
1036 1135 1264 1224 Exeipiebatur

199 1244 363 1311 ebriorum
381 1265 499 1325 senne,
518 1243 707 1332 simplicitas
722 1243 923 1331 jocantium3
943 1243 1023 1309 nihil
1045 1252 1114 1310 erat
1136 1254 1260 1325 tutum3

197 1351 302 1419 omnis
322 1350 476 1420 saliendi
490 1350 638 1440 placebat
656 1350 793 1419 occasio.
814 1353 939 1418 Pavens
960 1349 1090 1433 civitas3
1111 1372 1264 1438 congres-

198 1481 266 1542 sus,
289 1458 461 1547 colloquia,
486 1468 568 1525 notae
588 1459 773 1547 ignote-aque
798 1480 894 1526 aures
915 1459 1027 1542 ritari;
1053 1459 1151 1525 etiarn
1172 1468 1263 1525 muta

142 1612 146 1622 ·
198 1576 294 1657 atque
311 1566 467 1648 inanima,
483 1576 603 1633 tectum
623 1576 655 1633 et
672 1565 825 1654 parieteS,
844 1565 1229 1655 circurnspectabantur¹.
1244 1593 1259 1626 »

198 1677 331 1743 Veteres
354 1673 563 1754 offensiones,
582 1673 713 1762 jocique
733 1674 950 1741 litteratorum
970 1674 1140 1740 bominum
1164 1674 1263 1761 longo

197 1783 266 1871 jam
282 1781 409 1849 silentio
428 1781 556 1870 sepulti,
577 1803 690 1848 rursus
706 1780 893 1861 exulcerati,
913 1801 970 1869 pro
986 1779 1114 1869 capitali
1129 1780 1263 1848 crimine

202 1888 242 1956 ad
259 1899 408 1957 senatum
426 1888 668 1956 deferebantur.
1080 1960 1083 1967 ,

246 1998 424 2085 Scriptores
445 1997 534 2063 enim
551 1995 701 2063 Tiberius
716 1994 876 2084 praecipuo
896 1996 971 2063 odio
992 1996 1181 2080 insectatus,
1205 1997 1264 2064 Se*

200 2105 331 2172 leucum
352 2103 603 2192 grammaticum
623 2125 642 2170 a
661 2102 876 2170 contubernio
895 2103 1018 2191 abegit,
1044 2125 1081 2171 ac
1097 2103 1262 2192 deinceps,

201 2222 238 2279 ut
254 2212 321 2302 sibi
332 2213 401 2300 ipse
415 2233 533 2278 manus
548 2211 678 2278 afferret
693 2211 861 2299 compulit,
877 2222 1008 2299 propter
1022 2212 1160 2280 leviores
1180 2213 1266 2300 inju-

202 2321 285 2401 rias;
309 2342 346 2387 ac
367 2323 530 2387 Zenonem
552 2320 730 2408 sophistam
749 2320 910 2387 Cinariam
932 2319 1103 2407 relegavit,
1121 2319 1198 2408 quia
1211 2320 1265 2386 ille

203 2428 380 2516 principem
405 2427 507 2494 facete
533 2426 800 2516 perstrinxerat².
826 2425 966 2494 Sabinus
988 2427 1021 2493 in
1046 2427 1174 2495 vincula
1193 2447 1267 2516 pro-

200 2537 308 2623 jectus
332 2546 392 2618 est,
415 2545 511 2624 atque
530 2556 606 2601 inor
623 2535 762 2618 occisus,
779 2534 982 2624 cadaverque
1004 2536 1075 2623 ejus
1095 2534 1137 2600 ad
1150 2535 1267 2601 Gemo-

205 2643 276 2710 nias
303 2642 479 2731 abjectum,
504 2642 591 2731 quod
617 2642 852 2731 epigrammata
877 2642 911 2708 in
938 2641 1117 2731 principem
1146 2641 1269 2709 iactita-

205 2750 335 2820 risset³.
353 2750 554 2817 Paconianus
573 2751 793 2837 strangulatus
811 2759 859 2817 est
879 2751 912 2815 in
928 2771 1068 2832 carcere,
1089 2748 1192 2816 AElius
1208 2751 1267 2816 Sa-

205 2858 357 2924 turninus
374 2857 413 2923 de
433 2856 524 2944 Rupe
543 2857 715 2945 capitolina
731 2856 966 2945 praecipitatus3
986 2878 1062 2923 nam
1077 2867 1213 2946 uterque
1228 2856 1267 2924 de

204 2965 333 3033 Tiberio
356 2965 481 3032 farnosa
502 2966 646 3031 carmina
668 2965 924 3053 composuerat&
950 2967 984 3030 ln
1007 2964 1131 3031 crimen
1152 2965 1270 3052 majes-

204 3072 279 3140 tatis
296 3082 429 3140 vocatus
445 3084 493 3139 est
508 3073 689 3140 Cremutius
704 3072 825 3139 Cordus
841 3073 908 3160 qni,
924 3071 1019 3138 editis
1033 3071 1072 3138 de
1086 3071 1170 3139 bello
1184 3072 1269 3140 civili

205 3180 389 3264 annalibus,
403 3184 538 3248 Brutum
549 3190 580 3247 et
595 3181 740 3248 Cassium
751 3180 882 3247 ultimos
892 3182 1111 3246 Romanorum
1121 3179 1267 3263 dixisset,

205 3299 301 3379 atque
317 3290 466 3376 Augusto
480 3309 593 3376 parcas
615 3287 791 3354 admodum
807 3287 921 3354 laudes
942 3286 1098 3369 dedisset,
1122 3286 1271 3376 quamvis

205 3397 275 3485 ipse
293 3397 474 3486 Augustus,
497 3405 570 3464 ante
588 3417 708 3484 paitcos
724 3416 841 3478 annos,
861 3395 1014 3462 Cremutii
1036 3395 1170 3462 crinales
1190 3395 1272 3462 reci-

239 3652 261 3698 l.
280 3649 376 3710 Seneca,
390 3648 426 3697 De
439 3648 539 3712 Renes,
554 3660 588 3708 ur,
604 3647 648 3708 26;
666 3647 748 3708 Tacit,
763 3646 870 3707 Arrana,
887 3645 1157 3708 1v‚ea;ct1cid.‚1u,
1172 3648 1215 3708 493
1231 3659 1272 3709 vn,

208 3723 250 3781 103
266 3723 293 3770 D.
310 3721 386 3779 Cass,
407 3735 462 3781 ivn,
484 3722 512 3769 la
526 3723 549 3769 et
568 3721 611 3781 223
636 3733 701 3779 criu,
718 3722 743 3779 l;
759 3720 835 3780 Suet,
856 3718 946 3779 Titan,
967 3720 1009 3779 61;
1027 3720 1084 3768 Aur.
1105 3719 1195 3780 Victor,
1215 3719 1274 3783 Epi-

112 3827 115 3831 ·
207 3796 283 3853 torae,
298 3794 326 3852 23
340 3795 385 3842 cle.

238 3865 260 3911 2.
278 3882 289 3906 «
304 3865 418 3912 Zenonem
429 3863 572 3926 exquisitius
587 3862 782 3912 sermocinantem
798 3875 871 3924 quum
884 3862 1009 3926 (Tiberius)
1026 3863 1195 3924 interrogasset
1208 3878 1273 3927 qaa-
1338 3868 1340 3871 '

207 3947 260 3982 nam
284 3933 324 3983 illa
340 3937 388 3982 tam
409 3935 508 3984 molesta
531 3932 642 3983 dialectos
662 3937 733 3993 esset,
754 3937 777 3983 et
793 3934 834 3983 illc
850 3935 1011 3998 respondisset
1024 3933 1145 3995 Doridem,
1160 3935 1273 3997 relegavit

209 4004 336 4065 Cinariam,
356 4004 495 4054 existimans
510 4005 676 4069 exprobratum
690 4005 734 4054 sibi
749 4007 852 4054 veterem
873 4018 1002 4067 secessum,
1018 4005 1081 4069 qnod
1097 4005 1174 4056 dorice
1189 4007 1273 4057 Rhodii

209 4075 343 4138 loquantur.
359 4094 371 4119 a
389 4076 475 4138 (Suet,
492 4075 584 4136 liber„
601 4075 649 4137 56.)

240 4150 263 4196 3.
282 4148 339 4196 Vide
356 4149 447 4205 Zenon,
465 4147 574 4207 Antioc,
586 4162 619 4208 xi,
634 4149 656 4195 2.
673 4148 738 4196 Idem
753 4147 831 4196 forsan
856 4148 896 4199 ille
916 4152 953 4198 est
971 4162 996 4198 ac
1016 4148 1118 4200 Sabinus
1142 4149 1246 4200 Asellius
1261 4164 1274 4199 a

210 4219 322 4268 Suetonio
337 4222 490 4278 memoratus,
506 4219 595 4278 Ticer„
613 4221 650 4266 42.
665 4219 700 4267 Ci.
719 4220 803 4269 Seuec.
818 4222 899 4280 abet,
916 4220 1003 4281 Sacc,
1019 4223 1042 4270 2.

241 4293 263 4339 4.
281 4289 366 4351 Tacit,
382 4289 489 4352 Arnai,
504 4305 537 4351 vr,
554 4291 597 4352 393
614 4291 691 4349 Suet,
707 4289 768 4352 rit,
783 4293 865 4352 6131).
881 4293 956 4352 Cass,
972 4306 1028 4354 cvu,
1041 4294 1078 4341 22.

1113 4395 1128 4446 6
