2916 4934
575 1101 877 1207 rumaldo

238 1672 343 1739 Multa
363 1671 603 1750 disseruimus,
630 1672 737 1740 altera
754 1672 790 1738 in
816 1673 940 1752 thesi¹‚
965 1673 1008 1741 de
1031 1673 1260 1762 scriptoribus

194 1787 426 1877 litteratisque
452 1787 652 1855 hominibus
679 1787 737 1876 qui
764 1788 857 1876 apud
885 1788 1116 1876 imperatores
1150 1789 1259 1875 gratia

194 1903 396 1982 floruerunt,
426 1923 585 1991 quosque
610 1903 709 1970 favor
735 1903 887 1991 praemiis
915 1903 1091 1983 omnibus,
1119 1904 1260 1972 honori-

193 2019 272 2098 buS,
290 2019 441 2098 coronis,
460 2018 562 2086 donis
582 2019 780 2086 cumulavit.
810 2016 879 2086 Sed
901 2022 1029 2107 praeter
1044 2018 1258 2086 laudantium

194 2135 344 2213 turbam,
378 2138 574 2223 praeterque
604 2135 694 2214 illos,
726 2134 853 2223 quibus
883 2155 948 2202 nec
978 2134 1041 2214 ira,
1071 2154 1261 2202 necamur

195 2251 230 2316 in
258 2249 413 2318 Caesares
442 2252 549 2329 esset,
581 2270 651 2317 non
678 2249 883 2318 deiecerunt
916 2250 974 2339 qui
1003 2249 1179 2339 principes
1206 2252 1260 2318 vel

133 2374 138 2380 ’
195 2367 421 2435 acerbissimo
454 2370 489 2434 et
515 2356 797 2455 pervicacissimo
834 2367 915 2435 odio
947 2369 1258 2455 prosequerentur,

194 2482 250 2550 vel
270 2482 414 2550 eosdem
435 2482 557 2549 saltem
575 2481 666 2570 jocis
684 2482 877 2550 subamaris
897 2486 1105 2571 pungerent.

241 2595 352 2679 Quum
386 2602 504 2666 tamen
541 2597 673 2665 Horatii
706 2597 920 2687 Virgiliique,
949 2597 1075 2667 Valerii
1108 2597 1260 2675 Maximi,

196 2711 380 2793 Paterculi,
405 2711 516 2793 Statii,
545 2713 722 2792 Martialis,
751 2711 850 2779 Plinii
878 2713 1042 2791 tumoris,
1069 2710 1259 2791 Claudiani,

196 2827 352 2908 Ausonii,
370 2829 627 2917 multorumque
646 2829 792 2896 aliorum
808 2828 866 2916 qui
886 2828 941 2896 vel
954 2828 1069 2895 bonos
1085 2827 1262 2915 principes

196 2942 344 3011 honeste
370 2944 611 3023 laudaverunt,
636 2943 693 3011 vel
717 2943 880 3032 pessimis
905 2943 1019 3011 foedas
1043 2941 1262 3009 adulationes

197 3058 442 3140 adhibuerunt,
460 3059 568 3126 libros
592 3079 663 3147 prae
686 3079 792 3125 manu
813 3059 917 3126 hodie
944 3078 1037 3126 nuno
1055 3057 1260 3136 habeamus,

197 3175 406 3261 paucissima
434 3175 562 3263 scripta
584 3195 705 3242 eorum
736 3177 936 3263 supersunt,
962 3174 1088 3262 quibus
1115 3173 1262 3260 impera-

196 3293 291 3357 tores
309 3290 504 3358 lacessendi
526 3290 633 3358 libido
656 3290 733 3372 fuit,
757 3291 828 3358 sive
848 3290 966 3378 iniqua
987 3290 1127 3356 fortuna
1150 3289 1263 3377 peric-

197 3408 288 3484 runt,
307 3405 379 3473 sive
401 3409 543 3472 senatus
559 3406 729 3473 consultis
747 3405 887 3493 penitus
907 3405 1037 3472 abolita
1058 3406 1151 3483 sunt,
1175 3403 1261 3481 sive,

195 3558 241 3570 -
261 3520 366 3608 idque
393 3521 598 3610 plerumque
624 3521 790 3588 incidisse
814 3520 976 3600 arbitror,
1004 3524 1263 3606 —temporum

198 3635 288 3703 odiis
323 3640 412 3716 orta,
447 3637 660 3724 caducaque,
692 3656 774 3703 mox
802 3635 837 3700 in
864 3635 1038 3703 oblivione
1063 3634 1260 3723 jacuerunt.

197 3749 270 3818 Hoc
306 3751 398 3818 enim
433 3752 553 3819 vitium
590 3751 720 3819 habent
757 3751 864 3818 libelli
904 3750 1042 3830 famosi,
1082 3749 1262 3817 maledicae

198 3866 325 3945 satirae,
354 3887 477 3934 versus
503 3867 539 3934 in
565 3866 643 3935 foro
671 3872 773 3934 noete
800 3866 918 3955 positi,
953 3869 1139 3954 ceteraque
1170 3865 1262 3932 illius

196 3980 305 4061 modi,
333 3982 440 4070 quod,
471 3981 575 4050 hodie
609 3981 863 4070 approbatione
892 3981 1053 4060 maxima,
1079 3980 1115 4048 in
1144 3984 1268 4068 poten-

229 4177 252 4225 l.
270 4175 317 4224 ber
330 4175 397 4225 Gens
409 4176 440 4226 de
454 4177 544 4227 lettres
557 4180 583 4226 et
596 4176 666 4225 leurs
678 4178 841 4239 protectorem
855 4180 871 4226 ἀ
887 4178 973 4237 lloruc,
984 4175 1025 4225 liv.
1039 4177 1071 4225 lll
1084 4177 1108 4224 et
1120 4176 1148 4224 V.
