2916 4934
191 300 225 352 42
574 314 613 358 ou
636 313 871 362 suurrmaraus

191 422 226 487 in
251 434 464 490 monumenta
491 425 619 512 publiea
641 426 748 515 posita
777 437 899 507 essent,
925 425 995 493 tolli
1017 425 1057 492 de
1082 425 1252 494 medio¹».

193 529 423 616 Saepenumero
449 530 500 597 his
523 532 819 621 proscriptionibus
843 533 1006 622 principes
1033 533 1132 621 carpti
1163 543 1251 600 sunt.

193 638 299 716 Quum
326 637 430 704 Julius
457 640 560 705 Caesar
591 639 767 706 rnrrltorum
791 639 947 708 invidiam
972 639 1142 723 subiisset,
1171 640 1260 730 quod

192 742 395 830 peregrinos,
423 744 528 833 Gallos
550 747 741 833 praesertim,
775 756 811 813 ut
842 767 939 835 supra
964 745 1121 827 diximuS,
1149 746 1182 813 in
1209 768 1261 814 se-

193 859 307 916 natum
325 861 532 937 aggregarat,
559 852 619 919 iste
639 852 825 941 propositus
844 862 894 919 est
921 853 1050 919 libellus
1069 874 1075 919 :
1102 855 1261 921 «Bonum

193 956 327 1023 factum.
351 959 396 1024 Ne
416 957 488 1046 quis
511 959 650 1027 senatori
676 980 760 1026 novo
782 961 905 1026 curiam
929 970 1111 1026 monstrare
1137 961 1257 1042 velit3»

193 1064 348 1152 Brutique
374 1065 548 1132 simulacro
582 1066 716 1155 quidam
747 1066 994 1155 subscripsere:
1020 1067 1182 1134 «Utinam
1214 1068 1262 1134 vi-

194 1172 354 1237 veres²la
387 1171 438 1236 Ad
475 1173 617 1259 Augusti
652 1194 728 1240 vero
767 1183 909 1239 statuam
944 1172 1144 1261 adscriptum
1188 1186 1258 1240 est:

198 1279 321 1344 «Pater
349 1280 569 1365 argentarius,
601 1301 663 1366 ego
694 1280 963 1360 corinthiarius‚»
1003 1301 1041 1347 eo
1075 1279 1162 1369 quod
1196 1281 1261 1346 Au-

196 1394 313 1472 gustus
329 1386 502 1452 nonnullos
520 1387 682 1469 homines,
707 1397 743 1453 ut
759 1387 868 1475 opinio
885 1395 965 1466 erat,
992 1386 1077 1452 inter
1096 1386 1261 1475 proscrip-

197 1501 247 1558 tos
273 1490 387 1557 relerri
413 1503 594 1573 curaverat,
621 1514 734 1559 eorum
756 1514 834 1560 vasa
858 1492 1016 1558 corinthia
1039 1492 1259 1581 direpturus³.

197 1598 273 1664 Post
295 1599 475 1665 Germanici
496 1610 648 1680 mortem,
673 1599 748 1688 quia
764 1598 957 1666 credebatur
979 1599 1146 1665 Tiberium
1162 1599 1261 1686 hujus

197 1703 258 1770 viri
280 1705 394 1772 mortis
417 1706 583 1772 conscium
608 1706 722 1786 luisse,
753 1705 1027 1794 frequentissimis
1046 1705 1126 1772 locis
1150 1705 1263 1772 inscri-

197 1810 360 1877 bebatur:
394 1812 529 1878 «Redde
559 1813 853 1879 Germanicum⁵!»
885 1811 944 1879 Ubi
975 1812 1122 1880 Vitellius
1156 1811 1261 1878 edicto

195 1918 296 2006 jussit
325 1929 360 1984 ut
385 1921 468 1985 intra
483 1919 644 1986 calendas
669 1918 809 1985 octobris
833 1917 990 2005 astrologi
1011 1919 1092 1986 urbe
1117 1928 1150 1985 et
1172 1918 1263 1984 ltalia

200 2025 405 2108 excederent,
435 2028 543 2093 statim
569 2026 697 2092 libellus
724 2037 774 2093 est
801 2036 895 2092 nocte
922 2026 1133 2113 proscriptus,
1168 2025 1263 2113 quasi

199 2131 336 2199 Chaldaei
369 2119 480 2199 contra
510 2133 674 2200 edicerent
704 2154 774 2199 «ne
810 2133 959 2200 Vitellius
987 2132 1071 2198 intra
1107 2130 1259 2198 eumdem

198 2237 407 2305 calendarum
427 2239 515 2306 diem
536 2261 672 2328 usquam
697 2239 841 2306 esset⁸.»
866 2241 910 2305 Ne
933 2259 1009 2305 vero
1033 2238 1093 2303 sini
1114 2237 1257 2324 longior,

198 2366 235 2411 ac
259 2344 389 2433 singula
417 2346 539 2412 diutius
569 2345 780 2435 persequar⁶,
811 2366 913 2412 unum
939 2353 1067 2411 tantum
1087 2344 1259 2432 proscrip-

200 2452 297 2518 tionis
324 2473 419 2519 versu
455 2453 639 2542 compositae
673 2452 857 2541 exemplum
894 2452 1040 2518 afferam.
1072 2453 1154 2516 Nero
1190 2471 1262 2515 ma·

199 2580 298 2646 gnam
319 2558 410 2626 urbis
439 2572 563 2647 partem
585 2568 755 2640 everterat,
785 2544 992 2625 ut'Domum
1019 2558 1167 2623 Aureum
1192 2576 1262 2621 ma-

199 2665 467 2753 gnificentissime
483 2675 681 2747 exstruerem
695 2666 798 2732 muris
814 2664 914 2752 igitur
932 2663 1126 2752 inscriptum
1141 2661 1223 2728 fuit:

322 2863 406 2911 Roma
421 2861 516 2911 domus
528 2861 585 2921 fiet;
600 2861 676 2911 Veios
692 2860 813 2923 migrate,
830 2860 954 2920 Quirites,

284 2929 286 2932 ’
355 2932 450 2981 Sinon
465 2934 492 2980 et
507 2932 584 2982 Veios
599 2935 710 2994 occupat
727 2931 779 2980 ista
792 2930 915 2980 domest.

243 3130 363 3195 Praeter
375 3150 413 3195 ea
424 3149 496 3216 qua
507 3127 541 3194 in
553 3126 699 3194 medium
711 3126 891 3208 attulimus,
905 3134 1002 3213 atque
1013 3124 1076 3190 alia
1085 3122 1178 3211 plura
1191 3142 1263 3210 quae

200 3236 315 3302 afferre
331 3235 365 3301 in
384 3244 535 3323 promptu
559 3233 687 3317 fuisset,
713 3233 833 3300 multos
857 3231 1021 3313 homineS,
1045 3229 1132 3319 apud
1152 3249 1263 3295 rerum

201 3363 411 3410 romanarum
433 3352 594 3424 auctores,
613 3340 821 3430 reperiuntur
836 3339 870 3405 in
884 3337 1048 3426 principes
1070 3335 1261 3424 deliquisse,

201 3448 288 3538 quod
320 3475 336 3512 u
345 3447 656 3515 maledicentissima
691 3445 906 3528 corminu⁸»‚
938 3440 1159 3510 «detestando
1189 3463 1264 3507 cirr-

233 3682 255 3730 l.
272 3678 348 3740 ibid,
361 3680 386 3727 t.
403 3680 493 3738 XLVll,
509 3680 535 3728 T.
549 3681 577 3738 X,
591 3679 630 3727 at.

232 3753 256 3800 2.
275 3751 350 3811 Suet,
368 3751 464 3810 Cusus,
480 3752 517 3799 80.

232 3823 255 3871 ³.
273 3821 371 3881 Octau,
386 3823 425 3870 to.

233 3895 256 3943 t.
276 3891 366 3952 tiber,
379 3895 417 3942 52.

232 3967 255 4014 5.
274 3966 323 4023 Quo
339 3965 385 4024 die,
401 3967 427 4013 ut
442 3967 546 4023 narrant,
563 3976 587 4012 re
600 3975 654 4012 vera
671 3960 762 4011 occisus
775 3963 820 4010 est.
837 3957 946 4022 (Vitett,
961 3959 1003 4018 tl;
1019 3958 1047 4005 Ι).
1062 3957 1143 4015 Cass„
1157 3969 1212 4014 cxv,
1229 3951 1262 4015 l.)

232 4037 256 4086 6.
274 4036 309 4085 Cf.
323 4037 398 4094 Suet,
412 4036 487 4095 Nero,
500 4037 542 4095 453
554 4035 638 4094 Dora,
655 4034 698 4094 13;
712 4034 739 4081 D.
754 4033 830 4091 Cass,
846 4044 910 4090 uxvr,
925 4031 970 4090 113
983 4027 1070 4090 Capit,
1086 4025 1207 4085 Moerin,
1223 4025 1263 4073 tl.

232 4110 255 4158 l.
274 4109 350 4166 Suet,
366 4107 440 4165 Nero,
456 4108 494 4155 39.

233 4182 255 4230 8.
274 4181 348 4238 Suet,
367 4179 463 4237 Caesur,
478 4179 516 4226 75.
