2916 4934
193 372 228 424 46
576 381 615 426 bu
639 380 875 427 SCRIPTORIBUS

195 494 446 575 declamaverat,
481 493 600 582 optime
631 503 789 561 noverant
820 514 918 582 quem
944 495 1019 561 Cato
1045 494 1192 562 dixisset.
1224 494 1259 561 ld

193 600 326 690 quidem
342 601 410 667 sine
426 600 569 689 periculo
582 621 648 667 non
664 610 750 682 erat3
769 621 910 689 namque
929 600 1096 668 accidebat
1114 612 1149 668 ut
1164 602 1258 691 Apo-

193 730 347 774 memnon
372 707 422 774 his
443 707 530 773 ludis
554 717 825 786 commoveretur,
855 717 951 795 atque
983 718 1144 793 auctores,
1172 708 1260 774 baud

193 816 286 882 aliter
316 823 412 902 atque
447 813 500 880 ille
533 813 679 880 insolens
710 812 776 880 dux
813 814 964 900 Argivos,
1008 824 1134 903 seeptro
1169 816 1258 904 plec-

193 931 285 989 teret.
308 923 349 987 At
367 919 546 1009 periculum
565 921 672 1008 ipsum
696 919 870 1007 voluptatis
894 941 960 986 non
990 921 1070 986 nihil
1090 921 1257 1005 alterabat,

193 1047 413 1116 magnamque
447 1048 485 1093 ee
515 1027 681 1093 temeritas
712 1025 835 1092 famam
867 1026 1052 1095 auctoribus
1080 1028 1258 1097 afferebat:

197 1160 214 1199 u
234 1135 316 1201 Hinc
338 1134 488 1221 ingentes
504 1132 705 1200 exsistebant
719 1153 888 1215 assensus,
904 1133 972 1200 haec
988 1134 1021 1200 in
1036 1134 1116 1222 ipsis
1130 1135 1260 1202 audito-

194 1241 251 1308 riis
279 1240 439 1330 praecipue
464 1238 694 1320 laudabantur,
726 1250 758 1305 et
781 1260 857 1305 mox
885 1241 1033 1306 omnium
1053 1241 1260 1308 sermonibus

193 1347 348 1416 fiebunt¹.
365 1373 381 1407 »

239 1454 307 1522 Sub
333 1453 474 1535 Tiberio,
503 1454 643 1519 Scaurus
670 1454 863 1531 Mamercus,
897 1452 1031 1541 antiqua
1053 1453 1258 1520 AEmiliorum
1317 1503 1319 1506 -

193 1571 290 1649 gente
322 1569 425 1642 ortus,
463 1558 600 1625 licentio
630 1558 889 1645 experimentum
926 1579 984 1625 suo
1020 1558 1140 1626 damno
1169 1559 1258 1628 feeit.

192 1669 248 1736 Vir
270 1677 338 1734 erat
360 1665 546 1754 eloquentia
565 1664 718 1751 insignis,
742 1664 926 1732 uberrimus
950 1686 988 1732 ea
1014 1676 1106 1732 aetate
1136 1675 1255 1733 orator.

193 1775 278 1841 Nihil
303 1795 340 1840 eo
366 1772 547 1853 venustius,
566 1772 593 1838 si
612 1781 746 1859 paratus
762 1771 803 1838 ad
819 1771 990 1839 dicendam
1013 1794 1145 1840 causam
1167 1796 1260 1841 acce-

195 1882 286 1948 deret
304 1903 311 1946 :
333 1907 348 1941 «
364 1884 435 1968 lpse
447 1879 555 1945 vultus
568 1877 762 1966 habitusque
777 1879 920 1966 corporis
934 1879 1015 1945 mire
1032 1878 1073 1944 ad
1086 1882 1259 1946 oratoriam

195 1988 420 2055 auctoritatem
435 1995 576 2074 aptatus.
596 1985 693 2052 »Sed
717 1985 873 2070 neglectae
890 1986 1081 2073 plerumque
1102 1987 1258 2068 actiones,

195 2096 229 2160 iu
258 2092 376 2182 quibus
406 2103 517 2159 tamen
544 2090 667 2180 aliquid
694 2091 867 2158 eminentis
894 2091 1020 2178 ingenii
1052 2093 1258 2181 superabat².

196 2200 361 2289 Alioquin,
380 2199 446 2265 vita
458 2197 647 2286 probrosus,
665 2207 697 2264 at
712 2199 780 2286 qui,
802 2198 947 2265 Silanum
964 2209 1148 2266 senatorem
1164 2221 1260 2267 aecu-

197 2306 311 2387 sando,
329 2326 448 2378 nomen
465 2305 588 2371 illustre
606 2303 908 2386 dehonestaverat³.
940 2306 1071 2393 Septem
1098 2306 1260 2373 orationes

197 2412 311 2493 edidit,
336 2412 448 2500 plenas
469 2410 753 2492 contumeliarum,
770 2421 807 2478 ut
821 2410 962 2494 videtur,
980 2433 1050 2500 quae
1071 2434 1110 2478 ex
1128 2424 1261 2480 senatus

197 2520 343 2587 consulto
365 2516 541 2584 combustae
565 2518 672 2584 suutl.
698 2517 827 2584 Jamdiu
848 2518 977 2585 'liberio
996 2518 1153 2600 invisus⁵,
1181 2540 1259 2607 pos-

197 2637 301 2694 tremo
327 2625 507 2713 majestatis
535 2624 717 2712 postulatus
752 2634 812 2691 est.
849 2624 1004 2691 Servilius
1032 2636 1064 2691 et
1096 2625 1262 2692 Cornelius

198 2743 402 2801 accusatores
416 2731 522 2820 palam
541 2732 604 2819 ipsi
626 2730 824 2818 objiciebant
839 2731 1035 2798 adulterium
1052 2753 1127 2799 oum
1148 2731 1261 2800 Livilla

199 2850 232 2907 et
258 2839 401 2926 magicas
428 2849 532 2920 artes3
559 2848 592 2905 at
616 2838 740 2905 occulta
766 2848 798 2905 et
820 2839 927 2905 verior
947 2839 1142 2924 cognitionis
1164 2860 1262 2906 causa

199 2957 268 3014 erat
283 2947 509 3012 denuntiatum
527 2954 757 3031 argumentum
778 2944 944 3032 tragoediae
960 2945 1053 3010 Atrei
1067 2966 1085 3010 a
1102 2948 1262 3012 Mamerco

199 3054 325 3141 scriptae
341 3075 349 3133 ;
367 3052 399 3117 in
418 3051 528 3118 fabula
543 3051 631 3117 enim
647 3051 745 3118 homo
761 3061 830 3118 erat
849 3051 904 3138 qui
924 3051 1065 3117 amicum
1080 3051 1264 3118 hortaretur

202 3170 238 3227 ut
261 3159 316 3226 sui
333 3158 418 3248 repis
445 3157 637 3247 superdeum
657 3169 689 3223 et
708 3156 879 3223 libidinem
906 3178 999 3245 aequo
1019 3158 1127 3224 animo
1149 3157 1261 3225 ferret.

201 3265 362 3334 Suadente
379 3264 489 3333 Sextia
508 3286 622 3346 uxore,
646 3267 827 3331 Mamercus
844 3264 1038 3330 sententiam
1063 3264 1209 3347 anteivit,
1232 3275 1264 3330 et

200 3373 262 3441 sibi
277 3373 345 3462 ipse
361 3384 498 3439 mortam
514 3371 683 3439 adscivit⁶.

242 3481 378 3548 Neronis
393 3502 430 3547 ee
444 3478 636 3567 Vespasiani
651 3477 866 3566 temporibus,
890 3477 1006 3545 Curiati
1013 3498 1049 3545 us
1065 3476 1262 3558 Maternus⁷,

232 3680 253 3726 l.
272 3675 375 3738 Dialop.
393 3675 476 3734 Orat,
491 3677 528 3723 10.

230 3750 253 3795 2.
272 3750 369 3803 Seneca,
387 3746 517 3804 Controu,
531 3759 553 3804 v,
568 3745 647 3806 Praef.
665 3744 699 3793 Cl.
714 3743 790 3803 llice,
805 3757 821 3804 ι,
835 3744 863 3804 23
879 3742 983 3804 Tardus,
997 3744 1076 3803 Anu,
1091 3757 1124 3803 ur,
1141 3744 1178 3791 tl.
1248 3777 1250 3780 v

230 3821 252 3868 3.
270 3822 334 3875 Tac,
349 3820 426 3877 Anu,
442 3831 475 3877 m,
490 3817 528 3865 66.

231 3891 253 3937 l.
273 3891 368 3949 Seneca,
382 3889 436 3936 loco
452 3889 495 3936 rit.

230 3959 252 4006 a.
271 3959 355 4018 Tacit,
372 3956 480 4017 rinnel„
496 3971 512 4015 1,
530 3956 573 4016 133
588 3970 620 4014 vr,
634 3957 656 4004 9.

230 4030 253 4078 6.
270 4032 334 4088 lac,
348 4029 427 4088 Anu„
442 4042 474 4087 vr,
488 4028 532 4087 293
546 4029 573 4075 l).
591 4025 696 4085 Cassius,
711 4039 775 4085 ιιιιι,
792 4026 835 4085 243
855 4026 931 4085 Suet,
950 4024 1040 4085 Tiber,
1061 4027 1099 4074 61.
1115 4024 1150 4073 Cl.
1171 4026 1265 4083 senec,

200 4099 285 4160 Suus,
301 4102 324 4148 2.

198 4177 201 4182 ·
231 4172 254 4219 l.
273 4173 361 4220 Forsan
381 4169 443 4219 idem
463 4172 499 4217 est
521 4181 548 4218 ac
567 4169 685 4217 Maternus
703 4169 783 4218 rhetor
804 4181 817 4217 a
837 4166 971 4216 Domitiano
990 4166 1093 4216 occisus.
1108 4168 1144 4230 ll).
1159 4166 1264 4226 Cassius,

201 4256 275 4303 nxvu,
291 4242 339 4306 12.)
