2916 4934
490 365 745 419 nnntntnttsonn
768 362 966 410 Ll'l'l'blld'l'lS.
1228 351 1260 401 47

195 496 351 575 patronus
375 503 548 550 causarum
573 501 638 546 non
658 477 826 565 ignobilis,
855 498 873 542 a
897 474 1020 541 forensi
1043 473 1152 541 laboro
1179 494 1261 562 pene

196 591 331 672 destitit,
357 599 394 657 ut
415 588 456 656 ad
477 588 618 674 tragicas
637 585 765 652 fabulas
781 605 815 650 se
836 593 938 649 totum
955 591 1169 662 obstreperet,
1186 581 1262 647 inde

197 700 318 766 lamam
332 696 521 785 ampliorem
534 701 781 760 consecuturus.
798 690 897 756 Paulo
912 700 986 777 post
999 691 1159 755 Neronem
1176 709 1264 754 ever-

198 827 285 886 sum,
308 801 528 891 «improbam
551 799 742 888 potentiam,
765 808 796 864 et
819 795 1002 864 studiorum
1022 816 1153 884 quoque.
1173 816 1265 861 sacra

199 911 425 1001 profanantem
450 935 467 971 >›
492 908 580 974 ultus
601 906 683 973 est'.
701 908 799 972 Serto
814 923 944 970 rursum
959 901 1148 990 Vespasiani
1165 922 1263 982 anno,

199 1018 332 1086 recitato
349 1037 408 1083 suo
431 1015 569 1094 Catone,
586 1012 766 1101 principem
781 1011 923 1097 graviter
937 1009 1031 1076 laesit.
1046 1009 1265 1097 Vespasianus

202 1127 302 1206 enim,
318 1121 413 1189 initio
428 1120 628 1198 dominatus,
645 1138 761 1206 parum
776 1115 953 1205 probabilis
968 1115 1029 1182 luit
1043 1115 1196 1203 gentibus
1210 1137 1267 1203 pa-

201 1232 315 1311 triciis,
333 1228 451 1318 quippe
473 1227 541 1315 qui,
559 1248 597 1293 ex
614 1224 730 1292 humili
747 1224 817 1290 loco
844 1223 998 1290 advectus
1019 1222 1060 1288 ad
1084 1223 1265 1311 superiora,

202 1338 326 1405 nullam
358 1336 521 1423 majorum
545 1333 725 1419 imaginem
754 1330 787 1396 in
816 1330 906 1396 atriis
931 1339 1093 1397 ostentare
1121 1330 1265 1416 posset².

206 1443 343 1512 Catonis
358 1441 489 1508 offensae
509 1439 637 1505 animos
659 1439 747 1505 vario
769 1437 876 1504 studio
899 1437 1132 1517 distraxerunt,
1154 1456 1269 1524 anper

204 1550 334 1631 urbem,
351 1549 383 1613 in
396 1546 551 1613 conviviis
567 1555 598 1612 ct
614 1544 757 1625 circulis,
775 1542 814 1609 de
829 1565 911 1610 earo
927 1564 1035 1610 sermo
1046 1542 1199 1631 frequens
1214 1542 1270 1608 ha·

205 1657 365 1735 bebatur3
385 1654 438 1720 alii
453 1653 540 1720 enim
555 1651 698 1718 hominis
716 1650 852 1718 viriliter
866 1650 987 1717 lactum
1010 1649 1268 1730 admirabamur,

205 1762 336 1853 plurimi
360 1763 544 1827 Maternum
568 1757 806 1846 vituperabant,
830 1779 888 1824 cnr
907 1758 991 1822 ultro
1014 1767 1046 1823 et
1067 1757 1270 1823 inconsultus

207 1869 351 1959 pericula
366 1867 483 1934 adiret.
502 1865 684 1946 Secundus
703 1864 806 1953 ipsius
822 1863 960 1944 amicuS,
985 1862 1142 1930 suadebat
1160 1874 1195 1929 ut
1210 1864 1273 1930 sal-

207 1987 273 2042 tem
305 1995 399 2040 suam
426 1971 617 2058 tragoediam
650 1969 824 2054 diligenter
857 1978 1056 2050 retractaret,
1095 1979 1271 2058 antequam

208 2080 349 2148 librariis
361 2078 545 2146 traderetur
559 2076 697 2157 edenda,
711 2086 754 2156 et,
768 2075 968 2142 circumcisis
980 2075 1059 2142 locis
1070 2076 1125 2164 qui
1138 2098 1271 2164 pravam

210 2185 446 2274 interpretandi
478 2185 646 2250 materiam
683 2182 852 2262 dederant,
886 2182 1047 2248 Catonem
1075 2183 1272 2250 securiorem

211 2295 383 2361 emitteret.
408 2294 572 2358 Maternus
595 2311 668 2357 voro
694 2289 884 2370 obsistebat,
907 2311 944 2356 ac
967 2288 1116 2357 Secundo
1140 2312 1274 2379 respon-

211 2400 308 2468 debat
334 2421 342 2465 :
372 2426 388 2459 «
413 2401 530 2485 Leges,
559 2398 585 2463 si
612 2396 763 2477 volueris,
793 2405 825 2462 et
853 2417 1012 2483 agnosces
1034 2418 1106 2486 quaa
1128 2397 1271 2478 audisti;

212 2505 300 2596 quod
325 2505 352 2572 si
376 2526 441 2594 qua
464 2504 574 2570 omisit
602 2503 698 2584 Cato,
727 2503 876 2592 sequenti
902 2503 1090 2570 recitatione
1123 2504 1274 2592 Thyestes

213 2615 317 2694 dioet;
333 2613 416 2679 hano
433 2613 520 2678 enim
535 2611 728 2697 tragoediam
744 2610 889 2699 disposui
900 2613 983 2698 jam,
999 2622 1029 2678 et
1045 2612 1129 2678 intra
1144 2633 1195 2678 me
1212 2612 1276 2678 lor-

214 2720 313 2788 mavi.
336 2721 442 2808 Atque
466 2717 540 2785 ideo
558 2729 721 2784 maturare
742 2718 839 2805 hujus
859 2717 932 2784 libri
951 2718 1125 2784 editionem
1142 2717 1273 2799 festino,

214 2836 262 2908 ut,
280 2826 415 2893 dimissa
430 2824 537 2913 priore
554 2845 642 2903 cura,
663 2845 754 2892 novae
778 2824 966 2912 cogitationi
985 2834 1051 2892 toto
1075 2835 1204 2913 pectore
1224 2826 1275 2891 in-

215 2931 398 2999 cumbam³.
418 2958 434 2991 n

260 3042 330 3106 Una
350 3047 499 3125 superest
517 3047 673 3125 praetexta
692 3036 813 3118 sabula,
836 3059 907 3125 quaa
923 3037 1061 3104 Octavio
1076 3037 1275 3105 inscribitur.

215 3145 314 3211 Multo
336 3154 410 3232 post
430 3146 604 3224 Neronem,
626 3144 736 3232 procul
756 3144 869 3225 dubio‚·
891 3154 1041 3211 contexta
1067 3155 1127 3225 est,
1148 3144 1278 3232 quando

214 3252 283 3339 jam
304 3249 459 3339 tpranni⁸
479 3249 601 3337 flagitia
622 3261 653 3316 et
674 3251 796 3316 scelera
817 3251 972 3317 detestari
992 3250 1116 3339 absque
1135 3252 1279 3339 periculo

218 3357 347 3424 licebat.
368 3356 554 3423 Britannico
582 3367 614 3422 et
633 3357 813 3445 Agrippina
834 3357 1049 3445 interemptis,
1078 3360 1161 3424 Nero
1188 3358 1282 3424 uxori

220 3464 371 3546 Octavia,
402 3462 528 3530 Claudii
555 3463 640 3544 filiae,
672 3464 844 3552 repudium
872 3464 1024 3544 remittit;
1049 3484 1113 3552 quo
1144 3463 1282 3531 divortio

219 3569 346 3657 plebem
363 3569 590 3636 exacerbatam
605 3580 636 3636 et
651 3569 904 3637 tumultuantem
925 3570 1026 3636 multa
1046 3581 1153 3657 strage
1170 3570 1280 3652 caedit3

221 3676 449 3764 Octaviamque
476 3677 511 3742 in
536 3676 686 3743 exsilium
712 3678 861 3764 ejectam,
886 3697 962 3743 mor
980 3677 1076 3765 jubet
1102 3676 1218 3744 occidi.
1237 3681 1283 3744 Ea

256 3945 278 3991 1.
296 3943 372 3992 Locus
392 3940 451 3990 forte
465 3945 605 4004 corruptu33
621 3940 661 3991 alii
676 3941 811 4004 tragoediam
826 3942 987 4004 indemnem,
1002 3942 1041 3992 alii
1059 3957 1115 3994 vero
1130 3943 1154 3992 in
1168 3944 1286 3994 Vatinium

224 4011 368 4073 intelligunt.

255 4085 278 4132 2.
297 4086 373 4143 suet,
393 4083 507 4146 Vespera,
525 4084 546 4130 1.
563 4084 599 4132 Cf.
615 4085 651 4133 15.

256 4157 279 4203 3.
297 4154 401 4218 Dioloq.
419 4155 534 4214 Orator„
550 4156 573 4214 2,
587 4156 610 4216 3,
626 4156 653 4203 10
669 4158 692 4205 et
707 4156 744 4204 11.

257 4228 280 4275 l.
299 4225 357 4274 Vide
372 4225 470 4283 Oeten,
487 4223 525 4283 81,
540 4225 597 4287 110;
612 4229 657 4276 etc.
