<?xml version="1.0" encoding="UTF-8"?>
<!DOCTYPE html PUBLIC "-//W3C//DTD XHTML 1.0 Transitional//EN"
    "http://www.w3.org/TR/xhtml1/DTD/xhtml1-transitional.dtd">
<html xmlns="http://www.w3.org/1999/xhtml" xml:lang="en" lang="en">
 <head>
  <title>
</title>
<meta http-equiv="Content-Type" content="text/html;charset=utf-8" />
  <meta name='ocr-system' content='tesseract 3.04.00' />
  <meta name='ocr-capabilities' content='ocr_page ocr_carea ocr_par ocr_line ocrx_word'/>
</head>
<body>
  <div class='ocr_page' id='page_1' title='image "./descriptorumacl00reurgoog_0086.png"; bbox 0 0 2916 4934; ppageno 0'>
   <div class='ocr_carea' id='block_1_1' title="bbox 205 329 1013 391">
    <p class='ocr_par' dir='ltr' id='par_1_1' title="bbox 205 329 1013 391">
     <span class='ocr_line' id='line_1_1' title="bbox 205 329 1013 391; baseline 0.011 -13"><span class='ocrx_word' id='word_1_1' title='bbox 205 329 239 379; x_wconf 80' lang='lat'>80</span> <span class='ocrx_word' id='word_1_2' title='bbox 467 339 614 391; x_wconf 76' lang='lat' dir='ltr'>QUOMODO</span> <span class='ocrx_word' id='word_1_3' title='bbox 637 340 761 386; x_wconf 78' lang='lat' dir='ltr'>nonant</span> <span class='ocrx_word' id='word_1_4' title='bbox 789 341 1013 388; x_wconf 75' lang='lat' dir='ltr'>tutattatottcs</span> 
     </span>
    </p>
   </div>
   <div class='ocr_carea' id='block_1_2' title="bbox 119 453 1309 3958">
    <p class='ocr_par' dir='ltr' id='par_1_2' title="bbox 197 453 1309 2676">
     <span class='ocr_line' id='line_1_2' title="bbox 203 453 1267 546; baseline 0.001 -22"><span class='ocrx_word' id='word_1_5' title='bbox 203 477 280 524; x_wconf 83' lang='lat' dir='ltr'>voce</span> <span class='ocrx_word' id='word_1_6' title='bbox 305 464 447 521; x_wconf 88' lang='lat' dir='ltr'>mentem</span> <span class='ocrx_word' id='word_1_7' title='bbox 473 475 567 520; x_wconf 89' lang='lat' dir='ltr'>suam</span> <span class='ocrx_word' id='word_1_8' title='bbox 594 464 626 520; x_wconf 88' lang='lat' dir='ltr'>et</span> <span class='ocrx_word' id='word_1_9' title='bbox 647 476 742 520; x_wconf 90' lang='lat' dir='ltr'>aures</span> <span class='ocrx_word' id='word_1_10' title='bbox 767 453 981 536; x_wconf 83' lang='lat' dir='ltr'>audientium,</span> <span class='ocrx_word' id='word_1_11' title='bbox 1009 481 1025 517; x_wconf 79' lang='lat' dir='ltr'>u</span> <span class='ocrx_word' id='word_1_12' title='bbox 1048 466 1144 545; x_wconf 89' lang='lat' dir='ltr'>atque</span> <span class='ocrx_word' id='word_1_13' title='bbox 1166 458 1267 546; x_wconf 91' lang='lat' dir='ltr'>impio</span> 
     </span>
     <span class='ocr_line' id='line_1_3' title="bbox 204 560 1264 650; baseline 0.003 -22"><span class='ocrx_word' id='word_1_14' title='bbox 204 562 342 649; x_wconf 88' lang='lat' dir='ltr'>augurio</span> <span class='ocrx_word' id='word_1_15' title='bbox 370 561 532 649; x_wconf 88' lang='lat' dir='ltr'>polluerit.</span> <span class='ocrx_word' id='word_1_16' title='bbox 560 560 709 626; x_wconf 88' lang='lat' dir='ltr'>Haterius</span> <span class='ocrx_word' id='word_1_17' title='bbox 735 560 890 648; x_wconf 78' lang='lat' dir='ltr'>Agrippa,</span> <span class='ocrx_word' id='word_1_18' title='bbox 920 561 1035 628; x_wconf 90' lang='lat' dir='ltr'>consul</span> <span class='ocrx_word' id='word_1_19' title='bbox 1061 561 1264 650; x_wconf 87' lang='lat' dir='ltr'>designatus,</span> 
     </span>
     <span class='ocr_line' id='line_1_4' title="bbox 204 667 1269 758; baseline 0.003 -23"><span class='ocrx_word' id='word_1_20' title='bbox 204 669 332 736; x_wconf 88' lang='lat' dir='ltr'>censuit</span> <span class='ocrx_word' id='word_1_21' title='bbox 346 667 505 735; x_wconf 82' lang='lat' dir='ltr'>nefariam</span> <span class='ocrx_word' id='word_1_22' title='bbox 522 667 646 733; x_wconf 88' lang='lat' dir='ltr'>Lutorii</span> <span class='ocrx_word' id='word_1_23' title='bbox 661 667 761 734; x_wconf 79' lang='lat' dir='ltr'>Prisci</span> <span class='ocrx_word' id='word_1_24' title='bbox 775 668 991 734; x_wconf 75' lang='lat' dir='ltr'>temeritatem</span> <span class='ocrx_word' id='word_1_25' title='bbox 1010 669 1123 735; x_wconf 91' lang='lat' dir='ltr'>ultimo</span> <span class='ocrx_word' id='word_1_26' title='bbox 1137 671 1269 758; x_wconf 84' lang='lat' dir='ltr'>expian-</span> 
     </span>
     <span class='ocr_line' id='line_1_5' title="bbox 203 774 1264 863; baseline 0.004 -22"><span class='ocrx_word' id='word_1_27' title='bbox 203 775 282 842; x_wconf 92' lang='lat' dir='ltr'>dum</span> <span class='ocrx_word' id='word_1_28' title='bbox 298 797 370 842; x_wconf 86' lang='lat' dir='ltr'>esse</span> <span class='ocrx_word' id='word_1_29' title='bbox 386 774 555 862; x_wconf 88' lang='lat' dir='ltr'>supplicio,</span> <span class='ocrx_word' id='word_1_30' title='bbox 571 774 735 863; x_wconf 86' lang='lat' dir='ltr'>ceterique</span> <span class='ocrx_word' id='word_1_31' title='bbox 757 775 870 863; x_wconf 92' lang='lat' dir='ltr'>capitis</span> <span class='ocrx_word' id='word_1_32' title='bbox 886 775 1080 842; x_wconf 82' lang='lat' dir='ltr'>seutentiam</span> <span class='ocrx_word' id='word_1_33' title='bbox 1100 776 1264 846; x_wconf 85' lang='lat' dir='ltr'>dixerunt.</span> 
     </span>
     <span class='ocr_line' id='line_1_6' title="bbox 202 880 1264 970; baseline 0.003 -22"><span class='ocrx_word' id='word_1_34' title='bbox 202 881 293 960; x_wconf 81' lang='lat' dir='ltr'>Ouod</span> <span class='ocrx_word' id='word_1_35' title='bbox 313 883 365 949; x_wconf 84' lang='lat' dir='ltr'>vix</span> <span class='ocrx_word' id='word_1_36' title='bbox 378 880 490 948; x_wconf 85' lang='lat' dir='ltr'>credas</span> <span class='ocrx_word' id='word_1_37' title='bbox 505 882 539 946; x_wconf 91' lang='lat' dir='ltr'>in</span> <span class='ocrx_word' id='word_1_38' title='bbox 554 881 697 947; x_wconf 80' lang='lat' dir='ltr'>maxima</span> <span class='ocrx_word' id='word_1_39' title='bbox 710 882 806 947; x_wconf 89' lang='lat' dir='ltr'>etiam</span> <span class='ocrx_word' id='word_1_40' title='bbox 820 881 935 947; x_wconf 82' lang='lat' dir='ltr'>hortun</span> <span class='ocrx_word' id='word_1_41' title='bbox 949 891 1132 970; x_wconf 88' lang='lat' dir='ltr'>temporum</span> <span class='ocrx_word' id='word_1_42' title='bbox 1148 883 1264 951; x_wconf 91' lang='lat' dir='ltr'>adula-</span> 
     </span>
     <span class='ocr_line' id='line_1_7' title="bbox 203 987 1265 1077; baseline 0.003 -23"><span class='ocrx_word' id='word_1_43' title='bbox 203 990 308 1055; x_wconf 82' lang='lat' dir='ltr'>tione!</span> <span class='ocrx_word' id='word_1_44' title='bbox 331 1009 416 1055; x_wconf 91' lang='lat' dir='ltr'>unus</span> <span class='ocrx_word' id='word_1_45' title='bbox 439 997 564 1054; x_wconf 90' lang='lat' dir='ltr'>tantum</span> <span class='ocrx_word' id='word_1_46' title='bbox 584 998 616 1053; x_wconf 86' lang='lat' dir='ltr'>et</span> <span class='ocrx_word' id='word_1_47' title='bbox 630 987 711 1054; x_wconf 89' lang='lat' dir='ltr'>alter</span> <span class='ocrx_word' id='word_1_48' title='bbox 728 988 879 1055; x_wconf 89' lang='lat' dir='ltr'>inventus</span> <span class='ocrx_word' id='word_1_49' title='bbox 894 998 955 1069; x_wconf 89' lang='lat' dir='ltr'>est,</span> <span class='ocrx_word' id='word_1_50' title='bbox 981 989 1037 1077; x_wconf 91' lang='lat' dir='ltr'>qui</span> <span class='ocrx_word' id='word_1_51' title='bbox 1053 989 1215 1076; x_wconf 80' lang='lat' dir='ltr'>judicaret</span> <span class='ocrx_word' id='word_1_52' title='bbox 1232 991 1265 1057; x_wconf 90' lang='lat' dir='ltr'>in</span> 
     </span>
     <span class='ocr_line' id='line_1_8' title="bbox 202 1092 1262 1184; baseline 0.003 -23"><span class='ocrx_word' id='word_1_53' title='bbox 202 1096 324 1162; x_wconf 89' lang='lat' dir='ltr'>Lutorii</span> <span class='ocrx_word' id='word_1_54' title='bbox 345 1092 536 1160; x_wconf 77' lang='lat' dir='ltr'>vecordiam</span> <span class='ocrx_word' id='word_1_55' title='bbox 551 1095 629 1160; x_wconf 86' lang='lat' dir='ltr'>satis</span> <span class='ocrx_word' id='word_1_56' title='bbox 654 1093 883 1176; x_wconf 84' lang='lat' dir='ltr'>animadverti,</span> <span class='ocrx_word' id='word_1_57' title='bbox 908 1095 947 1175; x_wconf 87' lang='lat' dir='ltr'>si,</span> <span class='ocrx_word' id='word_1_58' title='bbox 965 1094 1058 1162; x_wconf 90' lang='lat' dir='ltr'>bonis</span> <span class='ocrx_word' id='word_1_59' title='bbox 1077 1095 1262 1184; x_wconf 79' lang='lat' dir='ltr'>publicatis,</span> 
     </span>
     <span class='ocr_line' id='line_1_9' title="bbox 201 1201 1263 1290; baseline 0.003 -22"><span class='ocrx_word' id='word_1_60' title='bbox 201 1202 374 1290; x_wconf 87' lang='lat' dir='ltr'>pelleretur</span> <span class='ocrx_word' id='word_1_61' title='bbox 384 1201 418 1267; x_wconf 96' lang='lat' dir='ltr'>in</span> <span class='ocrx_word' id='word_1_62' title='bbox 429 1201 590 1277; x_wconf 82' lang='lat' dir='ltr'>exsilium.</span> <span class='ocrx_word' id='word_1_63' title='bbox 607 1203 724 1268; x_wconf 85' lang='lat' dir='ltr'>Ductus</span> <span class='ocrx_word' id='word_1_64' title='bbox 736 1211 784 1268; x_wconf 88' lang='lat' dir='ltr'>est</span> <span class='ocrx_word' id='word_1_65' title='bbox 794 1202 893 1288; x_wconf 83' lang='lat' dir='ltr'>igitur</span> <span class='ocrx_word' id='word_1_66' title='bbox 904 1202 938 1268; x_wconf 91' lang='lat' dir='ltr'>iu</span> <span class='ocrx_word' id='word_1_67' title='bbox 949 1222 1110 1269; x_wconf 86' lang='lat' dir='ltr'>carcerem</span> <span class='ocrx_word' id='word_1_68' title='bbox 1121 1204 1263 1287; x_wconf 86' lang='lat' dir='ltr'>Priscus,</span> 
     </span>
     <span class='ocr_line' id='line_1_10' title="bbox 201 1307 1309 1399; baseline 0.003 -24"><span class='ocrx_word' id='word_1_69' title='bbox 201 1330 237 1375; x_wconf 90' lang='lat' dir='ltr'>ac</span> <span class='ocrx_word' id='word_1_70' title='bbox 258 1330 346 1374; x_wconf 89' lang='lat' dir='ltr'>more</span> <span class='ocrx_word' id='word_1_71' title='bbox 360 1309 521 1396; x_wconf 90' lang='lat' dir='ltr'>majorum</span> <span class='ocrx_word' id='word_1_72' title='bbox 543 1307 743 1389; x_wconf 81' lang='lat' dir='ltr'>interiectus,</span> <span class='ocrx_word' id='word_1_73' title='bbox 770 1319 946 1396; x_wconf 86' lang='lat' dir='ltr'>antequam</span> <span class='ocrx_word' id='word_1_74' title='bbox 968 1308 1116 1376; x_wconf 84' lang='lat' dir='ltr'>Tiberius</span> <span class='ocrx_word' id='word_1_75' title='bbox 1135 1331 1175 1384; x_wconf 87' lang='lat' dir='ltr'>ea</span> <span class='ocrx_word' id='word_1_76' title='bbox 1189 1332 1260 1399; x_wconf 80' lang='lat' dir='ltr'>quaa</span> <span class='ocrx_word' id='word_1_77' title='bbox 1303 1383 1309 1388; x_wconf 66' lang='grc'><strong>,</strong></span> 
     </span>
     <span class='ocr_line' id='line_1_11' title="bbox 201 1411 1263 1504; baseline 0.002 -22"><span class='ocrx_word' id='word_1_78' title='bbox 201 1414 285 1482; x_wconf 86' lang='lat' dir='ltr'>facta</span> <span class='ocrx_word' id='word_1_79' title='bbox 300 1425 393 1482; x_wconf 86' lang='lat' dir='ltr'>eraut</span> <span class='ocrx_word' id='word_1_80' title='bbox 407 1411 614 1481; x_wconf 65' lang='lat' dir='ltr'>inerereturq</span> <span class='ocrx_word' id='word_1_81' title='bbox 633 1415 666 1480; x_wconf 91' lang='lat' dir='ltr'>ld</span> <span class='ocrx_word' id='word_1_82' title='bbox 691 1415 827 1481; x_wconf 81' lang='lat' dir='ltr'>«solitis</span> <span class='ocrx_word' id='word_1_83' title='bbox 850 1413 1044 1502; x_wconf 89' lang='lat' dir='ltr'>ambagibus</span> <span class='ocrx_word' id='word_1_84' title='bbox 1064 1416 1150 1504; x_wconf 89' lang='lat' dir='ltr'>apud</span> <span class='ocrx_word' id='word_1_85' title='bbox 1166 1421 1263 1484; x_wconf 88' lang='lat' dir='ltr'>sena-</span> 
     </span>
     <span class='ocr_line' id='line_1_12' title="bbox 200 1521 1264 1610; baseline 0.002 -21"><span class='ocrx_word' id='word_1_86' title='bbox 200 1531 269 1589; x_wconf 87' lang='lat' dir='ltr'>tum</span> <span class='ocrx_word' id='word_1_87' title='bbox 290 1522 461 1603; x_wconf 84' lang='lat' dir='ltr'>incusavit,</span> <span class='ocrx_word' id='word_1_88' title='bbox 479 1542 581 1610; x_wconf 91' lang='lat' dir='ltr'>quum</span> <span class='ocrx_word' id='word_1_89' title='bbox 599 1521 765 1587; x_wconf 84' lang='lat' dir='ltr'>extolleret</span> <span class='ocrx_word' id='word_1_90' title='bbox 782 1522 933 1609; x_wconf 84' lang='lat' dir='ltr'>pietatum</span> <span class='ocrx_word' id='word_1_91' title='bbox 954 1523 1104 1610; x_wconf 79' lang='lat' dir='ltr'>quamuis</span> <span class='ocrx_word' id='word_1_92' title='bbox 1119 1523 1264 1591; x_wconf 86' lang='lat' dir='ltr'>modicas</span> 
     </span>
     <span class='ocr_line' id='line_1_13' title="bbox 199 1627 1263 1717; baseline 0.003 -23"><span class='ocrx_word' id='word_1_93' title='bbox 199 1628 354 1717; x_wconf 87' lang='lat' dir='ltr'>principis</span> <span class='ocrx_word' id='word_1_94' title='bbox 381 1629 517 1716; x_wconf 88' lang='lat' dir='ltr'>iujurias</span> <span class='ocrx_word' id='word_1_95' title='bbox 538 1627 654 1694; x_wconf 88' lang='lat' dir='ltr'>acriter</span> <span class='ocrx_word' id='word_1_96' title='bbox 678 1627 916 1710; x_wconf 83' lang='lat' dir='ltr'>ulciscentium,</span> <span class='ocrx_word' id='word_1_97' title='bbox 944 1628 1171 1716; x_wconf 81' lang='lat' dir='ltr'>deprecaretur</span> <span class='ocrx_word' id='word_1_98' title='bbox 1195 1641 1263 1698; x_wconf 90' lang='lat' dir='ltr'>tam</span> 
     </span>
     <span class='ocr_line' id='line_1_14' title="bbox 197 1734 1259 1824; baseline 0.004 -23"><span class='ocrx_word' id='word_1_99' title='bbox 197 1736 376 1824; x_wconf 86' lang='lat' dir='ltr'>praecipites</span> <span class='ocrx_word' id='word_1_100' title='bbox 389 1734 561 1802; x_wconf 87' lang='lat' dir='ltr'>verborum</span> <span class='ocrx_word' id='word_1_101' title='bbox 574 1734 701 1822; x_wconf 80' lang='lat' dir='ltr'>poenas,</span> <span class='ocrx_word' id='word_1_102' title='bbox 716 1734 862 1801; x_wconf 85' lang='lat' dir='ltr'>laudaret</span> <span class='ocrx_word' id='word_1_103' title='bbox 877 1735 1034 1823; x_wconf 88' lang='lat' dir='ltr'>Lepidum</span> <span class='ocrx_word' id='word_1_104' title='bbox 1054 1760 1086 1817; x_wconf 73' lang='lat' dir='ltr'>a,</span> <span class='ocrx_word' id='word_1_105' title='bbox 1109 1738 1165 1824; x_wconf 91' lang='lat' dir='ltr'>qui</span> <span class='ocrx_word' id='word_1_106' title='bbox 1181 1758 1259 1804; x_wconf 89' lang='lat' dir='ltr'>seu-</span> 
     </span>
     <span class='ocr_line' id='line_1_15' title="bbox 199 1841 1263 1930; baseline 0.003 -22"><span class='ocrx_word' id='word_1_107' title='bbox 199 1842 335 1909; x_wconf 87' lang='lat' dir='ltr'>tentiam</span> <span class='ocrx_word' id='word_1_108' title='bbox 352 1841 460 1907; x_wconf 88' lang='lat' dir='ltr'>miuus</span> <span class='ocrx_word' id='word_1_109' title='bbox 476 1862 625 1928; x_wconf 88' lang='lat' dir='ltr'>asperam</span> <span class='ocrx_word' id='word_1_110' title='bbox 642 1841 778 1922; x_wconf 87' lang='lat' dir='ltr'>dixerat,</span> <span class='ocrx_word' id='word_1_111' title='bbox 799 1867 815 1903; x_wconf 81' lang='lat' dir='ltr'>u</span> <span class='ocrx_word' id='word_1_112' title='bbox 830 1863 935 1930; x_wconf 89' lang='lat' dir='ltr'>neque</span> <span class='ocrx_word' id='word_1_113' title='bbox 952 1842 1128 1930; x_wconf 78' lang='lat' dir='ltr'>Agrippam</span> <span class='ocrx_word' id='word_1_114' title='bbox 1145 1865 1263 1930; x_wconf 90' lang='lat' dir='ltr'>argue-</span> 
     </span>
     <span class='ocr_line' id='line_1_16' title="bbox 198 1947 1261 2038; baseline 0.003 -23"><span class='ocrx_word' id='word_1_115' title='bbox 198 1958 294 2016; x_wconf 84' lang='lat' dir='ltr'>ret.»</span> <span class='ocrx_word' id='word_1_116' title='bbox 315 1952 389 2016; x_wconf 86' lang='lat' dir='ltr'>Haec</span> <span class='ocrx_word' id='word_1_117' title='bbox 409 1958 485 2015; x_wconf 85' lang='lat' dir='ltr'>sunt</span> <span class='ocrx_word' id='word_1_118' title='bbox 500 1948 600 2014; x_wconf 86' lang='lat' dir='ltr'>Taciti</span> <span class='ocrx_word' id='word_1_119' title='bbox 620 1947 753 2015; x_wconf 85' lang='lat' dir='ltr'>verba¹.</span> <span class='ocrx_word' id='word_1_120' title='bbox 772 1949 806 2015; x_wconf 90' lang='lat' dir='ltr'>Si</span> <span class='ocrx_word' id='word_1_121' title='bbox 821 1970 896 2016; x_wconf 87' lang='lat' dir='ltr'>vero</span> <span class='ocrx_word' id='word_1_122' title='bbox 918 1948 1010 2014; x_wconf 86' lang='lat' dir='ltr'>Dioni</span> <span class='ocrx_word' id='word_1_123' title='bbox 1028 1950 1136 2016; x_wconf 83' lang='lat' dir='ltr'>Cassio</span> <span class='ocrx_word' id='word_1_124' title='bbox 1154 1952 1261 2038; x_wconf 90' lang='lat' dir='ltr'>potius</span> 
     </span>
     <span class='ocr_line' id='line_1_17' title="bbox 200 2054 1260 2142; baseline 0.003 -21"><span class='ocrx_word' id='word_1_125' title='bbox 200 2054 388 2136; x_wconf 87' lang='lat' dir='ltr'>credideris,</span> <span class='ocrx_word' id='word_1_126' title='bbox 415 2054 562 2121; x_wconf 89' lang='lat' dir='ltr'>Tiberius</span> <span class='ocrx_word' id='word_1_127' title='bbox 583 2054 775 2142; x_wconf 82' lang='lat' dir='ltr'>gravissime</span> <span class='ocrx_word' id='word_1_128' title='bbox 808 2055 880 2122; x_wconf 88' lang='lat' dir='ltr'>tulit</span> <span class='ocrx_word' id='word_1_129' title='bbox 901 2065 1068 2122; x_wconf 85' lang='lat' dir='ltr'>senatores</span> <span class='ocrx_word' id='word_1_130' title='bbox 1092 2056 1260 2124; x_wconf 90' lang='lat' dir='ltr'>hominem</span> 
     </span>
     <span class='ocr_line' id='line_1_18' title="bbox 198 2161 1257 2249; baseline 0.004 -22"><span class='ocrx_word' id='word_1_131' title='bbox 198 2161 286 2229; x_wconf 89' lang='lat' dir='ltr'>haud</span> <span class='ocrx_word' id='word_1_132' title='bbox 298 2161 489 2249; x_wconf 89' lang='lat' dir='ltr'>ignobilem,</span> <span class='ocrx_word' id='word_1_133' title='bbox 502 2163 616 2249; x_wconf 87' lang='lat' dir='ltr'>capitis</span> <span class='ocrx_word' id='word_1_134' title='bbox 628 2162 831 2243; x_wconf 88' lang='lat' dir='ltr'>arcessitum,</span> <span class='ocrx_word' id='word_1_135' title='bbox 846 2171 910 2227; x_wconf 90' lang='lat' dir='ltr'>tam</span> <span class='ocrx_word' id='word_1_136' title='bbox 921 2183 1055 2249; x_wconf 88' lang='lat' dir='ltr'>propere</span> <span class='ocrx_word' id='word_1_137' title='bbox 1067 2164 1235 2231; x_wconf 83' lang='lat' dir='ltr'>necavisse</span> <span class='ocrx_word' id='word_1_138' title='bbox 1249 2185 1257 2245; x_wconf 89' lang='grc'>;</span> 
     </span>
     <span class='ocr_line' id='line_1_19' title="bbox 199 2267 1257 2357; baseline 0.002 -22"><span class='ocrx_word' id='word_1_139' title='bbox 199 2269 338 2357; x_wconf 86' lang='lat' dir='ltr'>ideoque</span> <span class='ocrx_word' id='word_1_140' title='bbox 354 2268 503 2335; x_wconf 87' lang='lat' dir='ltr'>Tiberius</span> <span class='ocrx_word' id='word_1_141' title='bbox 524 2268 625 2334; x_wconf 86' lang='lat' dir='ltr'>edixit</span> <span class='ocrx_word' id='word_1_142' title='bbox 640 2290 681 2335; x_wconf 91' lang='lat' dir='ltr'>nc</span> <span class='ocrx_word' id='word_1_143' title='bbox 697 2267 770 2356; x_wconf 95' lang='lat' dir='ltr'>quis</span> <span class='ocrx_word' id='word_1_144' title='bbox 785 2278 897 2355; x_wconf 88' lang='lat' dir='ltr'>postea</span> <span class='ocrx_word' id='word_1_145' title='bbox 911 2267 1084 2336; x_wconf 86' lang='lat' dir='ltr'>damnatus</span> <span class='ocrx_word' id='word_1_146' title='bbox 1097 2290 1116 2334; x_wconf 92' lang='lat' dir='ltr'>a</span> <span class='ocrx_word' id='word_1_147' title='bbox 1129 2280 1257 2353; x_wconf 89' lang='lat' dir='ltr'>senatu,</span> 
     </span>
     <span class='ocr_line' id='line_1_20' title="bbox 198 2374 1260 2463; baseline 0.003 -22"><span class='ocrx_word' id='word_1_148' title='bbox 198 2386 272 2441; x_wconf 87' lang='lat' dir='ltr'>ante</span> <span class='ocrx_word' id='word_1_149' title='bbox 295 2374 382 2441; x_wconf 88' lang='lat' dir='ltr'>diem</span> <span class='ocrx_word' id='word_1_150' title='bbox 406 2374 581 2457; x_wconf 90' lang='lat' dir='ltr'>decimum,</span> <span class='ocrx_word' id='word_1_151' title='bbox 602 2374 758 2463; x_wconf 89' lang='lat' dir='ltr'>supplicio</span> <span class='ocrx_word' id='word_1_152' title='bbox 781 2374 975 2458; x_wconf 87' lang='lat' dir='ltr'>afficeretur,</span> <span class='ocrx_word' id='word_1_153' title='bbox 996 2397 1077 2444; x_wconf 89' lang='lat' dir='ltr'>neve</span> <span class='ocrx_word' id='word_1_154' title='bbox 1100 2377 1260 2444; x_wconf 87' lang='lat' dir='ltr'>sententia</span> 
     </span>
     <span class='ocr_line' id='line_1_21' title="bbox 197 2481 1262 2570; baseline 0.002 -22"><span class='ocrx_word' id='word_1_155' title='bbox 197 2483 287 2570; x_wconf 87' lang='lat' dir='ltr'>prius</span> <span class='ocrx_word' id='word_1_156' title='bbox 313 2481 543 2570; x_wconf 86' lang='lat' dir='ltr'>publicaretur,</span> <span class='ocrx_word' id='word_1_157' title='bbox 571 2502 670 2570; x_wconf 92' lang='lat' dir='ltr'>quam</span> <span class='ocrx_word' id='word_1_158' title='bbox 693 2481 812 2548; x_wconf 87' lang='lat' dir='ltr'>absens</span> <span class='ocrx_word' id='word_1_159' title='bbox 839 2481 937 2548; x_wconf 88' lang='lat' dir='ltr'>etiam</span> <span class='ocrx_word' id='word_1_160' title='bbox 958 2481 1133 2570; x_wconf 88' lang='lat' dir='ltr'>imperator</span> <span class='ocrx_word' id='word_1_161' title='bbox 1154 2481 1194 2550; x_wconf 91' lang='lat' dir='ltr'>dc</span> <span class='ocrx_word' id='word_1_162' title='bbox 1222 2505 1262 2550; x_wconf 89' lang='lat' dir='ltr'>ea</span> 
     </span>
     <span class='ocr_line' id='line_1_22' title="bbox 197 2587 894 2676; baseline 0 -21"><span class='ocrx_word' id='word_1_163' title='bbox 197 2609 405 2675; x_wconf 78' lang='lat' dir='ltr'>cognoscere,</span> <span class='ocrx_word' id='word_1_164' title='bbox 424 2598 455 2655; x_wconf 90' lang='lat' dir='ltr'>et</span> <span class='ocrx_word' id='word_1_165' title='bbox 470 2588 634 2676; x_wconf 87' lang='lat' dir='ltr'>judicium</span> <span class='ocrx_word' id='word_1_166' title='bbox 649 2587 733 2654; x_wconf 87' lang='lat' dir='ltr'>ferre</span> <span class='ocrx_word' id='word_1_167' title='bbox 753 2589 894 2676; x_wconf 88' lang='lat' dir='ltr'>posset².</span> 
     </span>
    </p>

    <p class='ocr_par' dir='ltr' id='par_1_3' title="bbox 119 2693 1269 3958">
     <span class='ocr_line' id='line_1_23' title="bbox 241 2693 1259 2783; baseline 0 -21"><span class='ocrx_word' id='word_1_168' title='bbox 241 2694 333 2775; x_wconf 82' lang='lat' dir='ltr'>Quod</span> <span class='ocrx_word' id='word_1_169' title='bbox 348 2696 386 2777; x_wconf 93' lang='lat' dir='ltr'>si,</span> <span class='ocrx_word' id='word_1_170' title='bbox 411 2695 539 2783; x_wconf 87' lang='lat' dir='ltr'>injussu</span> <span class='ocrx_word' id='word_1_171' title='bbox 561 2693 716 2783; x_wconf 86' lang='lat' dir='ltr'>principis</span> <span class='ocrx_word' id='word_1_172' title='bbox 736 2716 773 2761; x_wconf 87' lang='lat' dir='ltr'>ac</span> <span class='ocrx_word' id='word_1_173' title='bbox 793 2704 905 2761; x_wconf 83' lang='lat' dir='ltr'>contra</span> <span class='ocrx_word' id='word_1_174' title='bbox 924 2695 1027 2782; x_wconf 91' lang='lat' dir='ltr'>ipsius</span> <span class='ocrx_word' id='word_1_175' title='bbox 1045 2695 1259 2778; x_wconf 88' lang='lat' dir='ltr'>voluntatem,</span> 
     </span>
     <span class='ocr_line' id='line_1_24' title="bbox 195 2800 1258 2890; baseline 0.002 -23"><span class='ocrx_word' id='word_1_176' title='bbox 195 2800 248 2869; x_wconf 85' lang='lat' dir='ltr'>lex</span> <span class='ocrx_word' id='word_1_177' title='bbox 260 2801 443 2890; x_wconf 87' lang='lat' dir='ltr'>majestatis</span> <span class='ocrx_word' id='word_1_178' title='bbox 457 2801 498 2868; x_wconf 89' lang='lat' dir='ltr'>ad</span> <span class='ocrx_word' id='word_1_179' title='bbox 516 2811 642 2868; x_wconf 88' lang='lat' dir='ltr'>tantam</span> <span class='ocrx_word' id='word_1_180' title='bbox 664 2800 889 2868; x_wconf 88' lang='lat' dir='ltr'>crudelitatem</span> <span class='ocrx_word' id='word_1_181' title='bbox 913 2801 1041 2868; x_wconf 88' lang='lat' dir='ltr'>deflecti</span> <span class='ocrx_word' id='word_1_182' title='bbox 1050 2802 1121 2889; x_wconf 90' lang='lat' dir='ltr'>jam</span> <span class='ocrx_word' id='word_1_183' title='bbox 1135 2812 1258 2889; x_wconf 88' lang='lat' dir='ltr'>posset,</span> 
     </span>
     <span class='ocr_line' id='line_1_25' title="bbox 196 2907 1262 2997; baseline -0.002 -21"><span class='ocrx_word' id='word_1_184' title='bbox 196 2930 261 2997; x_wconf 95' lang='lat' dir='ltr'>quo</span> <span class='ocrx_word' id='word_1_185' title='bbox 276 2909 385 2975; x_wconf 89' lang='lat' dir='ltr'>auimo</span> <span class='ocrx_word' id='word_1_186' title='bbox 401 2918 531 2997; x_wconf 86' lang='lat' dir='ltr'>accepta</span> <span class='ocrx_word' id='word_1_187' title='bbox 542 2919 603 2988; x_wconf 88' lang='lat' dir='ltr'>est,</span> <span class='ocrx_word' id='word_1_188' title='bbox 623 2907 677 2975; x_wconf 92' lang='lat' dir='ltr'>ubi</span> <span class='ocrx_word' id='word_1_189' title='bbox 693 2929 733 2974; x_wconf 88' lang='lat' dir='ltr'>ex</span> <span class='ocrx_word' id='word_1_190' title='bbox 746 2908 866 2975; x_wconf 85' lang='lat' dir='ltr'>Tiberii</span> <span class='ocrx_word' id='word_1_191' title='bbox 876 2907 1011 2974; x_wconf 88' lang='lat' dir='ltr'>libidine</span> <span class='ocrx_word' id='word_1_192' title='bbox 1027 2918 1124 2996; x_wconf 87' lang='lat' dir='ltr'>atque</span> <span class='ocrx_word' id='word_1_193' title='bbox 1138 2908 1262 2976; x_wconf 84' lang='lat' dir='ltr'>saevitia</span> 
     </span>
     <span class='ocr_line' id='line_1_26' title="bbox 195 3015 1263 3104; baseline 0 -22"><span class='ocrx_word' id='word_1_194' title='bbox 195 3036 296 3082; x_wconf 86' lang='lat' dir='ltr'>novas</span> <span class='ocrx_word' id='word_1_195' title='bbox 312 3015 396 3083; x_wconf 89' lang='lat' dir='ltr'>vires</span> <span class='ocrx_word' id='word_1_196' title='bbox 413 3016 606 3104; x_wconf 87' lang='lat' dir='ltr'>assumpsitl</span> <span class='ocrx_word' id='word_1_197' title='bbox 622 3019 703 3083; x_wconf 90' lang='lat' dir='ltr'>Tum</span> <span class='ocrx_word' id='word_1_198' title='bbox 720 3025 886 3082; x_wconf 87' lang='lat' dir='ltr'>senatores</span> <span class='ocrx_word' id='word_1_199' title='bbox 900 3036 939 3081; x_wconf 88' lang='lat' dir='ltr'>ex</span> <span class='ocrx_word' id='word_1_200' title='bbox 954 3015 1150 3102; x_wconf 81' lang='lat' dir='ltr'>primoribus</span> <span class='ocrx_word' id='word_1_201' title='bbox 1166 3015 1263 3082; x_wconf 90' lang='lat' dir='ltr'>collo-</span> 
     </span>
     <span class='ocr_line' id='line_1_27' title="bbox 194 3121 1258 3212; baseline -0.001 -23"><span class='ocrx_word' id='word_1_202' title='bbox 194 3122 345 3212; x_wconf 86' lang='lat' dir='ltr'>quiorum</span> <span class='ocrx_word' id='word_1_203' title='bbox 365 3132 478 3190; x_wconf 87' lang='lat' dir='ltr'>ventos</span> <span class='ocrx_word' id='word_1_204' title='bbox 496 3123 660 3209; x_wconf 85' lang='lat' dir='ltr'>colligere,</span> <span class='ocrx_word' id='word_1_205' title='bbox 679 3122 713 3188; x_wconf 89' lang='lat' dir='ltr'>in</span> <span class='ocrx_word' id='word_1_206' title='bbox 732 3121 861 3188; x_wconf 88' lang='lat' dir='ltr'>circulis</span> <span class='ocrx_word' id='word_1_207' title='bbox 880 3141 1049 3188; x_wconf 87' lang='lat' dir='ltr'>sermones</span> <span class='ocrx_word' id='word_1_208' title='bbox 1069 3121 1258 3203; x_wconf 89' lang='lat' dir='ltr'>observare,</span> 
     </span>
     <span class='ocr_line' id='line_1_28' title="bbox 119 3225 1260 3317; baseline 0.001 -22"><span class='ocrx_word' id='word_1_209' title='bbox 119 3225 120 3228; x_wconf 63' lang='grc'>’</span> <span class='ocrx_word' id='word_1_210' title='bbox 195 3229 280 3295; x_wconf 88' lang='lat' dir='ltr'>intra</span> <span class='ocrx_word' id='word_1_211' title='bbox 305 3229 471 3317; x_wconf 87' lang='lat' dir='ltr'>laquearia</span> <span class='ocrx_word' id='word_1_212' title='bbox 495 3250 529 3296; x_wconf 85' lang='lat' dir='ltr'>se</span> <span class='ocrx_word' id='word_1_213' title='bbox 555 3228 757 3309; x_wconf 86' lang='lat' dir='ltr'>abstrudere,</span> <span class='ocrx_word' id='word_1_214' title='bbox 787 3248 1020 3316; x_wconf 85' lang='lat' dir='ltr'>murorumque</span> <span class='ocrx_word' id='word_1_215' title='bbox 1043 3227 1135 3294; x_wconf 87' lang='lat' dir='ltr'>rimis</span> <span class='ocrx_word' id='word_1_216' title='bbox 1163 3249 1260 3296; x_wconf 90' lang='lat' dir='ltr'>aures</span> 
     </span>
     <span class='ocr_line' id='line_1_29' title="bbox 195 3333 1262 3424; baseline -0.001 -22"><span class='ocrx_word' id='word_1_217' title='bbox 195 3335 379 3417; x_wconf 87' lang='lat' dir='ltr'>admovere,</span> <span class='ocrx_word' id='word_1_218' title='bbox 393 3345 429 3403; x_wconf 87' lang='lat' dir='ltr'>ut</span> <span class='ocrx_word' id='word_1_219' title='bbox 442 3335 700 3424; x_wconf 88' lang='lat' dir='ltr'>imprudentium</span> <span class='ocrx_word' id='word_1_220' title='bbox 712 3333 811 3402; x_wconf 88' lang='lat' dir='ltr'>verba</span> <span class='ocrx_word' id='word_1_221' title='bbox 827 3343 1004 3423; x_wconf 89' lang='lat' dir='ltr'>captarent,</span> <span class='ocrx_word' id='word_1_222' title='bbox 1026 3334 1154 3401; x_wconf 90' lang='lat' dir='ltr'>infimas</span> <span class='ocrx_word' id='word_1_223' title='bbox 1170 3355 1262 3401; x_wconf 86' lang='lat' dir='ltr'>exer-</span> 
     </span>
     <span class='ocr_line' id='line_1_30' title="bbox 194 3440 1262 3531; baseline -0.001 -22"><span class='ocrx_word' id='word_1_224' title='bbox 194 3464 266 3509; x_wconf 84' lang='lat' dir='ltr'>cere</span> <span class='ocrx_word' id='word_1_225' title='bbox 285 3442 476 3525; x_wconf 88' lang='lat' dir='ltr'>delationes,</span> <span class='ocrx_word' id='word_1_226' title='bbox 494 3464 568 3531; x_wconf 88' lang='lat' dir='ltr'>pars</span> <span class='ocrx_word' id='word_1_227' title='bbox 584 3441 759 3531; x_wconf 84' lang='lat' dir='ltr'>cupiditate</span> <span class='ocrx_word' id='word_1_228' title='bbox 777 3441 882 3508; x_wconf 87' lang='lat' dir='ltr'>allecti</span> <span class='ocrx_word' id='word_1_229' title='bbox 901 3462 937 3507; x_wconf 90' lang='lat' dir='ltr'>ac</span> <span class='ocrx_word' id='word_1_230' title='bbox 952 3440 1102 3508; x_wconf 86' lang='lat' dir='ltr'>mercede</span> <span class='ocrx_word' id='word_1_231' title='bbox 1118 3441 1262 3530; x_wconf 85' lang='lat' dir='ltr'>quadru-</span> 
     </span>
     <span class='ocr_line' id='line_1_31' title="bbox 193 3546 1260 3638; baseline -0.001 -23"><span class='ocrx_word' id='word_1_232' title='bbox 193 3549 366 3638; x_wconf 90' lang='lat' dir='ltr'>platorum,</span> <span class='ocrx_word' id='word_1_233' title='bbox 384 3569 460 3636; x_wconf 87' lang='lat' dir='ltr'>pars</span> <span class='ocrx_word' id='word_1_234' title='bbox 486 3549 578 3616; x_wconf 89' lang='lat' dir='ltr'>adse</span> <span class='ocrx_word' id='word_1_235' title='bbox 600 3547 738 3637; x_wconf 90' lang='lat' dir='ltr'>principi</span> <span class='ocrx_word' id='word_1_236' title='bbox 764 3546 984 3632; x_wconf 86' lang='lat' dir='ltr'>ventitandos,</span> <span class='ocrx_word' id='word_1_237' title='bbox 1005 3547 1152 3636; x_wconf 87' lang='lat' dir='ltr'>plerique</span> <span class='ocrx_word' id='word_1_238' title='bbox 1174 3568 1260 3637; x_wconf 87' lang='lat' dir='ltr'>qua-</span> 
     </span>
     <span class='ocr_line' id='line_1_32' title="bbox 195 3654 1259 3743; baseline 0.002 -23"><span class='ocrx_word' id='word_1_239' title='bbox 195 3655 272 3721; x_wconf 90' lang='lat' dir='ltr'>dam</span> <span class='ocrx_word' id='word_1_240' title='bbox 293 3655 468 3723; x_wconf 88' lang='lat' dir='ltr'>accusandi</span> <span class='ocrx_word' id='word_1_241' title='bbox 490 3657 684 3743; x_wconf 88' lang='lat' dir='ltr'>contagione</span> <span class='ocrx_word' id='word_1_242' title='bbox 704 3655 828 3738; x_wconf 85' lang='lat' dir='ltr'>infecti,</span> <span class='ocrx_word' id='word_1_243' title='bbox 849 3655 901 3723; x_wconf 84' lang='lat' dir='ltr'>vel</span> <span class='ocrx_word' id='word_1_244' title='bbox 920 3654 962 3721; x_wconf 91' lang='lat' dir='ltr'>ad</span> <span class='ocrx_word' id='word_1_245' title='bbox 986 3654 1037 3722; x_wconf 90' lang='lat' dir='ltr'>sui</span> <span class='ocrx_word' id='word_1_246' title='bbox 1056 3674 1259 3743; x_wconf 90' lang='lat' dir='ltr'>suorumque</span> 
     </span>
     <span class='ocr_line' id='line_1_33' title="bbox 194 3760 1257 3852; baseline 0.002 -24"><span class='ocrx_word' id='word_1_247' title='bbox 194 3761 342 3843; x_wconf 85' lang='lat' dir='ltr'>tutelam,</span> <span class='ocrx_word' id='word_1_248' title='bbox 371 3763 520 3852; x_wconf 84' lang='lat' dir='ltr'>nequis,</span> <span class='ocrx_word' id='word_1_249' title='bbox 547 3783 603 3830; x_wconf 87' lang='lat' dir='ltr'>eos</span> <span class='ocrx_word' id='word_1_250' title='bbox 626 3761 807 3851; x_wconf 86' lang='lat' dir='ltr'>majestatis</span> <span class='ocrx_word' id='word_1_251' title='bbox 823 3760 1003 3848; x_wconf 82' lang='lat' dir='ltr'>arguendo,</span> <span class='ocrx_word' id='word_1_252' title='bbox 1025 3761 1257 3850; x_wconf 78' lang='lat' dir='ltr'>praereniret³.</span> 
     </span>
     <span class='ocr_line' id='line_1_34' title="bbox 192 3866 1269 3958; baseline 0 -23"><span class='ocrx_word' id='word_1_253' title='bbox 192 3867 250 3935; x_wconf 88' lang='lat' dir='ltr'>Rei</span> <span class='ocrx_word' id='word_1_254' title='bbox 264 3868 474 3958; x_wconf 84' lang='lat' dir='ltr'>damnatique</span> <span class='ocrx_word' id='word_1_255' title='bbox 493 3869 574 3937; x_wconf 90' lang='lat' dir='ltr'>alios</span> <span class='ocrx_word' id='word_1_256' title='bbox 590 3869 729 3938; x_wconf 88' lang='lat' dir='ltr'>invicem</span> <span class='ocrx_word' id='word_1_257' title='bbox 745 3868 977 3950; x_wconf 88' lang='lat' dir='ltr'>traducebant;</span> <span class='ocrx_word' id='word_1_258' title='bbox 1000 3867 1129 3935; x_wconf 85' lang='lat' dir='ltr'>feminae</span> <span class='ocrx_word' id='word_1_259' title='bbox 1145 3866 1269 3935; x_wconf 78' lang='lat' dir='ltr'>delatae</span> 
     </span>
    </p>
   </div>
   <div class='ocr_carea' id='block_1_3' title="bbox 224 4071 616 4275">
    <p class='ocr_par' dir='ltr' id='par_1_4' title="bbox 224 4071 616 4275">
     <span class='ocr_line' id='line_1_35' title="bbox 226 4071 570 4132; baseline 0.009 -13"><span class='ocrx_word' id='word_1_260' title='bbox 226 4073 247 4120; x_wconf 86' lang='lat' dir='ltr'>l.</span> <span class='ocrx_word' id='word_1_261' title='bbox 266 4073 330 4130; x_wconf 82' lang='lat' dir='ltr'>Tac,</span> <span class='ocrx_word' id='word_1_262' title='bbox 346 4071 471 4132; x_wconf 79' lang='lat' dir='ltr'>Ann.‚11r,</span> <span class='ocrx_word' id='word_1_263' title='bbox 486 4074 570 4122; x_wconf 70' lang='lat' dir='ltr'>teat.</span> 
     </span>
     <span class='ocr_line' id='line_1_36' title="bbox 224 4143 509 4203; baseline 0.007 -14"><span class='ocrx_word' id='word_1_264' title='bbox 224 4143 247 4190; x_wconf 78' lang='lat'>2.</span> <span class='ocrx_word' id='word_1_265' title='bbox 266 4143 293 4191; x_wconf 86' lang='lat' dir='ltr'>D.</span> <span class='ocrx_word' id='word_1_266' title='bbox 308 4143 384 4203; x_wconf 80' lang='lat' dir='ltr'>Cass,</span> <span class='ocrx_word' id='word_1_267' title='bbox 400 4157 455 4203; x_wconf 76' lang='lat' dir='ltr'>cru,</span> <span class='ocrx_word' id='word_1_268' title='bbox 471 4145 509 4191; x_wconf 73' lang='lat'>20.</span> 
     </span>
     <span class='ocr_line' id='line_1_37' title="bbox 225 4213 616 4275; baseline 0.008 -15"><span class='ocrx_word' id='word_1_269' title='bbox 225 4213 248 4262; x_wconf 82' lang='grc'>3.</span> <span class='ocrx_word' id='word_1_270' title='bbox 266 4214 329 4273; x_wconf 79' lang='lat' dir='ltr'>Tae,</span> <span class='ocrx_word' id='word_1_271' title='bbox 345 4214 425 4274; x_wconf 65' lang='lat' dir='ltr'>Aren,</span> <span class='ocrx_word' id='word_1_272' title='bbox 440 4228 472 4273; x_wconf 87' lang='lat' dir='ltr'>rv,</span> <span class='ocrx_word' id='word_1_273' title='bbox 487 4215 530 4275; x_wconf 86' lang='grc'>69;</span> <span class='ocrx_word' id='word_1_274' title='bbox 546 4229 578 4275; x_wconf 78' lang='lat' dir='ltr'>rr,</span> <span class='ocrx_word' id='word_1_275' title='bbox 594 4215 616 4263; x_wconf 84' lang='lat' dir='ltr'>t.</span> 
     </span>
    </p>
   </div>
   <div class='ocr_carea' id='block_1_4' title="bbox 0 0 1462 4934">
    <p class='ocr_par' dir='ltr' id='par_1_5' title="bbox 0 0 1462 4934">
     <span class='ocr_line' id='line_1_38' title="bbox 0 0 1462 4934; baseline 0 4"><span class='ocrx_word' id='word_1_276' title='bbox 0 0 1462 4934; x_wconf 95' lang='lat' dir='ltr'> </span> 
     </span>
    </p>
   </div>
  </div>
 </body>
</html>
