2916 4934
329 369 394 414 CUM
417 367 598 417 Mluuvttms
620 366 856 414 SssRlPTORlBUS
878 367 914 418 SE
936 368 1127 418 GESSERINT.
1231 363 1265 416 97

202 482 367 549 manitatis
392 503 428 548 ac
456 480 623 548 modestiae
646 483 851 568 praetexeret,
884 503 944 548 nec
969 483 1080 549 ullum'
1096 484 1264 553 hominem

202 588 316 655 ultimo
333 589 489 678 supplicio
499 579 656 670 'afficeret
674 588 753 676 quin
768 589 858 675 prius
874 587 913 654 de
929 610 989 655 sua
1009 590 1182 658 elementia
1197 592 1266 660 dis-

202 695 370 776 seruisset,
391 706 422 762 et
441 707 576 784 questus
592 704 678 761 esset
693 693 732 760 de
747 694 867 760 misera
882 695 933 761 sui
949 695 1049 783 ipsius
1064 697 1261 780 conditione,

202 803 325 890 utqui,
350 813 479 869 coactus
498 801 705 882 necessitate,
733 821 843 888 poenas
868 822 1057 889 repugnans
1078 803 1264 894 invitusque

202 909 360 996 exigeret.
387 908 560 976 Domitiani
587 908 779 975 carnificina
805 908 1009 975 subministri
1031 909 1072 976 ad
1099 921 1261 995 senatum,

201 1024 358 1104 tanquam
370 1017 545 1105 impietatis
559 1037 645 1096 reos,
663 1015 837 1082 nonnullos
854 1015 1069 1098 adduxerant,
1084 1017 1139 1106 qui
1156 1019 1266 1087 nescio
1285 1078 1287 1081 ,

202 1122 281 1211 quid
309 1124 512 1190 contumeliae
543 1121 701 1189 adversere
729 1122 940 1210 majestatem
961 1123 1127 1212 primipara
1156 1126 1262 1192 admi-

202 1229 339 1312 sissent3
368 1232 543 1319 imperator
561 1250 638 1296 vero
659 1238 788 1317 patrum
809 1229 944 1295 concilio
960 1230 1096 1313 adstitit,
1120 1253 1157 1298 ac
1181 1254 1263 1322 prae-

201 1335 287 1403 fatus
303 1365 318 1398 «
336 1358 370 1404 se
385 1337 440 1403 illa
455 1337 505 1402 die
522 1347 731 1424 experturum
751 1357 848 1424 quam
869 1338 997 1403 senatui
1018 1359 1112 1405 carus
1129 1348 1214 1406 esset
1229 1365 1261 1423 o,

202 1445 249 1511 sic
269 1444 408 1511 obtinuit
433 1454 470 1510 ut
493 1445 596 1531 capite
625 1443 868 1510 damnarentur.
887 1445 977 1527 Dein,
1000 1446 1094 1531 quasi
1114 1444 1154 1511 ab
1175 1454 1263 1514 atro-

202 1552 333 1617 cissima
352 1572 459 1640 prena,
481 1572 545 1639 prae
563 1550 664 1616 nimia
686 1571 746 1616 sua
768 1550 1033 1631 mansuetudine,
1058 1551 1259 1637 abhorreret,

202 1679 238 1724 ac
262 1658 343 1724 nihil
364 1680 382 1724 a
406 1680 440 1725 se
460 1659 590 1744 lougius
610 1657 739 1724 abesset
754 1679 852 1746 quam
872 1658 1058 1740 crudelitas,
1078 1660 1262 1728 intercessit

201 1773 236 1830 ut
260 1765 363 1831 lenior
381 1766 474 1831 fieret
497 1765 670 1845 sententia,
688 1765 804 1851 hisque
823 1763 931 1831 verbis
944 1765 1170 1833 concludendo
1188 1788 1262 1834 ora-

199 1870 323 1938 tionem
338 1871 500 1941 absolvit:
522 1871 742 1952 «Permittite,
759 1873 869 1936 Patres
894 1872 1077 1959 conscripti,
1102 1892 1121 1938 a
1139 1874 1259 1961 pietate

199 1988 307 2046 uestra
329 1980 508 2067 impetrari,
536 1978 623 2068 quod
646 1977 711 2044 scio
730 1998 783 2043 me
806 1976 978 2044 difficulter
999 1978 1259 2066 impetraturum,

199 2095 236 2152 ut
250 2085 411 2153 damnatis
426 2086 565 2152 liberum
580 2085 694 2151 mortis
714 2083 884 2150 arbitrium
903 2083 1114 2172 indulgeatis.
1136 2088 1216 2153 Nam
1231 2098 1263 2155 et

199 2194 338 2280 parcetis
359 2193 460 2260 oculis
481 2192 610 2272 vestris,
628 2202 659 2258 et
673 2190 856 2277 intelligent
870 2211 922 2256 me
938 2211 1052 2258 omnes
1069 2193 1197 2260 senatui
1212 2195 1262 2260 in-

199 2299 382 2367 terfuisse1.
400 2325 417 2364 tt
443 2350 446 2354 ,
1122 2358 1124 2362 ,

242 2408 352 2474 Patres
378 2407 556 2474 incuriam
582 2406 795 2488 vocabantur,
824 2414 861 2474 ut
889 2406 1098 2473 stultissimas
1128 2428 1261 2475 accusa-

198 2512 303 2580 tiones
323 2513 484 2580 audirent.
508 2514 592 2580 Satis
615 2523 683 2580 erat
708 2540 723 2574 α
740 2534 758 2578 a
778 2511 921 2600 quolibet
938 2522 1124 2579 accusatore
1145 2515 1260 2602 quale-

199 2642 337 2708 cumque
353 2620 476 2687 lactum
490 2619 677 2709 dictumque
696 2620 869 2706 objectari²
882 2646 913 2686 u.
933 2619 1069 2700 Quidam
1085 2620 1260 2708 impietatis

196 2727 244 2793 rei
263 2727 340 2795 lacti
359 2737 445 2810 sunt,
469 2737 600 2816 propter
621 2749 693 2793 eam
717 2747 848 2793 causam
871 2725 958 2814 quod
982 2728 1114 2794 Caesaris
1133 2726 1261 2813 gladia·

196 2842 284 2901 tores
310 2835 467 2916 odissent,
495 2856 531 2900 ac
560 2833 772 2900 offendissent
799 2854 922 2898 numen
953 2833 1135 2915 domitiani,
1167 2835 1260 2922 cujus

196 2943 325 3030 pugiles
338 2963 403 3008 non
418 2951 662 3010 venerarentur.
675 2939 777 3005 AElius
790 2940 913 3020 Lamia,
929 2939 969 3005 ob
985 2950 1111 3007 veteres
1123 2941 1227 3027 jocos,
1241 2962 1260 3008 a

196 3049 394 3116 delatoribus
424 3057 590 3136 correptus
622 3057 682 3114 est.
719 3046 872 3114 Sallustio
908 3046 1054 3127 Lucullo,
1086 3047 1259 3115 Britanuiae

195 3156 315 3244 legato,
338 3156 472 3243 capitale
499 3155 622 3221 crimen
639 3153 764 3220 illatum
786 3162 847 3234 est,
870 3153 957 3241 quod
977 3152 1106 3220 lanceas
1134 3175 1173 3219 ex
1199 3175 1258 3238 suo

195 3264 329 3331 nomine
349 3258 517 3328 'luculleus
536 3260 690 3349 appellari
711 3259 860 3341 tulisset;
896 3259 991 3326 Metio
1027 3261 1255 3346 Pomposiano,

194 3392 292 3459 quem
306 3390 413 3436 rerum
426 3370 604 3456 potiturum
618 3367 704 3455 apud
718 3366 836 3453 vulgus
847 3366 928 3432 tides
938 3376 1018 3448 erat,
1035 3364 1123 3454 quod
1137 3365 1256 3433 ducum

194 3478 380 3558 conciones
404 3498 444 3542 ex
467 3475 557 3543 Livio
580 3474 800 3562 depromptas,
831 3472 1065 3553 circumferret,
1090 3493 1127 3538 ac
1150 3472 1259 3560 depic-

193 3593 264 3650 tum
279 3596 440 3651 terrarum
456 3581 581 3664 orbem,
599 3583 634 3646 in
649 3580 791 3647 cubiculi
805 3579 995 3668 parietibus,
1017 3578 1163 3645 haberet.
1240 3616 1242 3623 ·

239 3690 321 3770 Quid
334 3688 492 3756 libertatis
513 3687 729 3755 scribentibus
745 3707 916 3775 superesse
933 3685 1080 3774 poterat?
1105 3687 1257 3754 Attamen

193 3797 372 3864 Martialem
385 3795 507 3862 dixisse
522 3816 588 3862 non
603 3794 719 3883 puduit
734 3817 741 3860 :

381 3965 435 4014 Sub
451 3977 504 4026 quo
519 3963 628 4012 libertas
642 3962 762 4026 priucipe
772 3964 848 4011 tanta
863 3961 952 4010 tutat?

225 4111 246 4158 l.
266 4109 336 4165 Ptin,
349 4109 442 4171 Epist,
456 4121 472 4164 1,
490 4107 526 4154 ll.

224 4183 246 4300 Ξ.
264 4179 340 4300 ppairq„
355 4179 442 4298 tvtg.
456 4177 526 4239 Ptin,
541 4176 634 4241 Epist,
649 4190 698 4237 vm,
713 4178 755 4238 145
771 4177 866 4239 Paneg.
883 4176 967 4240 Traj.,
985 4177 1095 4240 pascito.

242 4289 248 4300 .
326 4286 343 4310 .,
376 4288 382 4312 ,
430 4285 435 4297 .

1095 4349 1111 4399 7
