2916 4934
490 345 744 400 nonlulsscsoub
768 347 965 394 LlTTEthlS.
1230 343 1259 393 15

240 464 351 546 Stoici,
378 483 478 552 quum
505 461 616 527 onmia
639 459 707 526 suis
732 460 900 548 praeceptis
924 461 1077 528 inferiora
1102 486 1174 531 6666
1196 487 1263 532 ere·

195 573 321 652 derent,
348 592 384 636 ao
413 568 555 657 reliquos
584 566 733 633 homines
763 567 953 656 plerumque
981 573 1258 653 contemnerent¹,

198 679 392 768 sapientiam
408 696 493 763 sape
519 673 782 762 intempestivam
808 674 1059 763 superbiamque
1085 677 1264 746 incommo-

198 789 273 854 dam
302 806 368 874 prae
400 805 433 849 se
463 780 629 861 ferebam,
664 781 808 846 omnium
838 781 916 848 vitia
943 783 1131 869 procaciter,
1164 788 1262 852 etiam

197 895 282 962 inter
296 888 480 980 spectacula
496 898 527 954 et
549 885 708 966 convivia,
731 886 976 969 adoriebantur,
1000 899 1096 977 atque
1118 892 1151 957 in
1172 903 1263 980 petu-

197 1001 332 1068 lantiam
350 994 540 1084 erumpebat
562 1014 674 1060 curum
695 992 783 1059 male
800 991 989 1083 dispensata
1009 994 1177 1064 libertas‘.
1195 1002 1263 1066 Non

199 1105 396 1174 modestiore
427 1103 462 1168 iu
494 1101 657 1189 principes
696 1099 810 1186 lingua
845 1101 1033 1183 utebantur,
1076 1126 1262 1195 quanquam

199 1213 363 1302 Epictetus
386 1208 514 1277 volebat
528 1207 635 1275 virum
658 1229 733 1274 vere
751 1208 943 1294 sapientem,
968 1210 1001 1275 in
1017 1222 1192 1299 conspectu
1207 1236 1265 1302 po·

198 1319 350 1398 tentiam,
368 1337 473 1403 neque
495 1314 657 1401 abjectum
677 1322 709 1379 et
727 1314 885 1380 humilem
897 1336 981 1396 6666,
999 1338 1105 1406 neque
1122 1318 1261 1386 ferocem

200 1438 232 1494 et
263 1423 549 1503 contumeliosum,
574 1419 632 1486 sed
659 1441 714 1487 eos
744 1419 871 1487 modice
900 1421 1033 1489 laudare
1063 1424 1102 1490 de
1122 1426 1172 1493 his
1192 1449 1264 1516 quae

201 1534 282 1600 lorte
297 1531 383 1598 bona
398 1529 548 1610 lecerint,
565 1536 602 1594 ut
614 1526 749 1593 meliora
765 1527 960 1611 suadeantl.
979 1530 1074 1596 Plura
1089 1532 1263 1600 inveniun-

201 1648 265 1722 tur,
291 1637 377 1727 apud
394 1645 557 1714 auctores,
583 1633 853 1721 pbilosophorum
881 1656 959 1722 erga
982 1637 1145 1726 principes
1164 1642 1265 1707 animi

202 1743 434 1832 arrogantioris
456 1740 588 1820 indicia,
611 1740 655 1806 ita
677 1749 712 1805 ut
734 1743 858 1807 Seneca
880 1742 995 1809 merito
1011 1742 1130 1811 dixerit
1153 1749 1263 1815 multis

202 1851 436 1942 philosophiam
446 1847 581 1937 periculi
593 1868 725 1913 causam
740 1846 855 1928 luisse,
866 1847 1043 1916 insolenter
1054 1862 1222 1920 tractatam
1235 1866 1267 1922 et

203 1955 467 2034 contumaciterl,
485 1976 522 2020 66
539 1954 770 2021 nonnullorum
787 1954 1014 2041 procacitatem
1030 1958 1264 2045 Vespasianus,

203 2065 351 2156 quamvis
366 2062 623 2153 patientissimus
641 2070 739 2138 esset,
762 2061 813 2127 vix
829 2060 913 2127 lerre
926 2064 1067 2148 posset⁸.
1086 2068 1266 2136 Demetrius

204 2171 356 2259 Caligulae
376 2170 500 2236 donum
515 2167 653 2255 superbe
675 2166 887 2255 respuebat⁶3
908 2169 1060 2237 lsodorus
1075 2172 1208 2260 cynicus
1228 2196 1267 2242 eo

205 2276 413 2367 impudentiae
426 2274 589 2356 veniebat,
607 2285 642 2340 ut
657 2276 818 2340 Neronem
834 2284 1072 2356 transeuntem,
1090 2300 1200 2347 eoram
1215 2303 1270 2370 po-

205 2384 293 2472 pulo,
319 2383 496 2470 corriperet
516 2407 532 2443 6
551 2379 638 2469 quod
664 2381 791 2468 Nauplii
811 2382 897 2448 mala
923 2381 1006 2450 bene
1034 2396 1191 2469 cantaret,
1211 2410 1268 2455 sua

204 2490 290 2557 bona
307 2488 390 2556 male
414 2487 620 2575 disponeret⁷
640 2515 670 2553 ».
694 2489 777 2553 Nero
798 2488 833 2553 in
854 2489 999 2556 animum
1019 2513 1115 2558 suum
1129 2494 1270 2562 'induxe-

204 2608 326 2664 ratres
350 2600 569 2662 Romanorum
591 2604 701 2680 gestas
722 2595 923 2682 amplissimo
942 2599 1084 2665 carmine
1105 2599 1267 2686 digerere,

205 2713 301 2792 atque
337 2703 553 2768 litteratorum
589 2701 758 2767 hominum
793 2701 967 2768 concilium
1000 2718 1184 2789 vocaverat,
1215 2711 1271 2796 qui

206 2808 466 2898 componendum
507 2830 588 2896 opus
624 2807 830 2889 ordinarent,
862 2830 898 2875 ae
939 2809 1156 2882 deliberarent
1192 2827 1271 2906 quot

204 2917 295 2984 libris
322 2925 551 3003 argumentum
573 2913 778 2981 tractandum
802 2924 900 2981 esset.
927 2919 1016 2984 Unus
1036 2940 1074 2985 ex
1095 2919 1170 3003 illis,
1197 2932 1270 2988 tan-

207 3044 305 3113 quam
335 3045 368 3090 66
396 3020 532 3110 principi
561 3020 800 3101 venditaturus,
835 3021 915 3088 dixit
942 3023 1030 3090 haud
1059 3028 1167 3095 minus
1195 3051 1273 3118 qua·

208 3129 390 3217 dringentis
418 3128 510 3194 libris
539 3149 620 3215 opus
648 3149 732 3209 esse,
762 3138 798 3194 ut
827 3137 917 3194 tanta
945 3133 1097 3200 materies
1128 3135 1270 3203 absolve-

206 3248 330 3304 retur:
362 3237 445 3315 «At,
476 3234 672 3316 mehercule,
700 3235 803 3301 multo
834 3235 932 3302 nimis
958 3247 1018 3318 est,
1037 3265 1054 3301 >›
1081 3242 1126 3306 ait
1155 3244 1276 3309 Cornu-

207 3354 260 3409 tus
287 3341 511 3430 philosopbus,
540 3341 596 3430 qui
616 3341 752 3407 concilio
779 3341 946 3409 intererat.
971 3383 1016 3394 -
1041 3372 1056 3407 6
1078 3347 1273 3438 Chrysippus

207 3459 316 3516 tamen
344 3462 420 3516 tuus
449 3449 558 3536 plures
588 3449 782 3535 composuit.
803 3486 848 3497 —
869 3451 953 3516 Sane
980 3452 1126 3538 quidem,
1153 3455 1272 3544 inquit,

244 3737 264 3782 1.
285 3731 395 3791 Quintil,
409 3746 433 3792 6,
453 3733 488 3791 11,
503 3733 607 3791 393x1n.
621 3732 644 3786 3,
661 3732 697 3778 12.
715 3731 749 3779 Cf.
767 3746 808 3788 xn,
824 3733 847 3788 2,
859 3734 888 3792 6;
903 3734 929 3781 l).
946 3734 1022 3794 Cass,
1035 3750 1098 3796 cxvi,
1111 3739 1148 3786 13.

241 3806 264 3852 2.
283 3806 378 3861 Seneca,
393 3803 430 3851 De
445 3803 544 3866 Renes,
561 3802 630 3862 1‚10;
646 3802 687 3850 Dio
703 3804 853 3863 Cass.,nxv1,
869 3804 910 3864 1ἰὶ;
925 3803 996 3861 l¹lin.,
1016 3806 1147 3870 Epistulae,
1165 3825 1215 3872 rm,
1231 3815 1274 3874 2¹3

212 3874 318 3936 Luciam,
330 3875 436 3937 poesim.

244 3946 268 3993 3.
287 3945 344 3994 Vide
359 3943 473 4007 Simplicii
488 3943 594 4003 066666,
611 3943 634 3991 iu
649 3957 700 4006 cap.
714 3958 797 3992 xxxm.

243 4019 265 4065 1.
281 4017 366 4078 Epist,
382 4015 417 4064 ud
432 4016 502 4076 tac,
516 4016 567 4063 103.
585 4016 618 4064 Cf.
635 4017 676 4074 143
689 4014 774 4074 Tacit,
788 4014 895 4076 Aberat,
910 4031 941 4076 n,
958 4018 996 4066 20.

248 4090 271 4137 5.
290 4088 397 4146 Sueten,
416 4088 499 4149 lesu,
516 4088 545 4134 13
558 4089 581 4135 61
598 4088 641 4144 15ς
658 4088 685 4134 D.
700 4086 776 4145 Cass,
793 4100 857 4147 axvi,
870 4089 907 4147 12,
923 4090 951 4136 13
966 4092 989 4138 61
1005 4090 1046 4150 153
1060 4096 1105 4141 616.

246 4164 268 4206 c.
288 4159 383 4217 Seneca,
402 4159 524 4210 Delion..
539 4172 582 4216 66,
601 4158 637 4204 11,

247 4230 269 4276 l.
287 4229 396 4286 Sueten,
410 4228 486 4288 Nero,
501 4230 540 4276 39.
