2916 4934
323 352 388 399 CUM
411 352 591 399 uluuvouls
613 353 849 400 sunteuontnus
873 353 908 400 Sl}
931 353 1124 401 nussunlur.
1214 347 1264 400 109

195 476 275 550 tum,
290 488 308 533 a
321 475 413 533 metu
428 467 568 533 solutam
580 466 692 548 fuisse,
711 489 747 533 ac
763 466 918 535 servitute
933 468 1127 535 immunem.
1145 469 1186 536 At
1196 470 1259 536 mi-

193 575 280 641 nime
295 573 408 655 miror,
428 573 456 639 si
475 574 708 661 imperatorum
730 595 804 640 cum
829 574 1041 662 scriptoribus
1065 586 1162 663 atque
1189 597 1261 643 ora-

193 680 319 748 toribus
341 679 515 746 inimicitiae
539 679 606 747 fere
627 682 790 747 exstinctae
816 691 902 747 sunt.
924 683 1142 770 Praeterquam
1171 684 1260 750 enim

195 787 295 877 quod,
319 787 354 852 in
373 808 410 853 eo
424 785 519 853 beato
534 787 663 870 saeculo,
677 788 839 875 principes
864 787 1117 854 clementissime
1144 798 1175 856 et
1197 811 1262 878 pa-

193 893 387 961 tientissime
404 894 638 980 rempublicam
655 904 841 980 gesserunt,
858 894 937 959 nihil
953 903 1022 960 crat
1036 916 1093 961 cur
1107 895 1256 964 homines

193 1000 325 1068 litterati
339 1000 570 1068 inveherentur
584 1001 618 1067 in
633 1001 719 1068 viros
729 1002 909 1088 sapientes,
923 1000 1121 1083 moderatos,
1138 1003 1258 1069 civium

194 1117 357 1196 parcnteS,
374 1128 440 1174 non
456 1106 618 1189 dominoS,
639 1130 658 1174 a
681 1106 743 1174 diis
762 1129 898 1175 romano
918 1108 1053 1196 imperio
1069 1108 1110 1174 ad
1124 1108 1158 1174 id
1177 1131 1256 1197 prae-

196 1214 310 1297 fectos,
327 1224 375 1297 ut,
403 1235 460 1303 pro
479 1214 563 1282 virili
584 1223 687 1302 parte,
709 1214 895 1281 felicitatem
920 1215 1072 1322 omnibus
1092 1227 1255 1303 pararent.

197 1321 278 1400 Quid
291 1342 367 1389 vero
378 1321 477 1409 culpae
490 1332 538 1388 est
552 1323 689 1409 Trajano
702 1332 799 1411 atque
811 1321 976 1389 Antonino
991 1321 1058 1403 Pie,
1073 1321 1100 1388 si
1110 1323 1259 1409 jejunam

197 1429 401 1517 querelarum
415 1428 584 1495 materiam
600 1428 764 1517 callesque
784 1428 979 1496 criminandi
998 1449 1113 1494 causas
1131 1430 1258 1496 usitatis

195 1535 313 1602 theatri
327 1535 424 1623 jocis,
441 1536 661 1604 conviviorum
681 1536 939 1624 circulorumque
962 1535 1159 1618 conviciolis,
1180 1556 1259 1603 cau-

196 1641 372 1708 sidicorum
392 1664 429 1709 ac
444 1641 661 1731 sophistarum
680 1642 807 1730 liguris,
822 1641 1088 1730 philosophorum
1106 1642 1260 1731 objurga-

194 1748 351 1832 tionibus,
370 1749 597 1817 historicorum
620 1747 1101 1837 maledicentiaereliquerunt?
