2916 4934
189 371 224 422 70
453 374 601 428 bobbone
624 375 748 421 botrani
772 376 997 423 luratttrouns

191 501 258 559 tam
290 490 445 581 loquendi
482 500 538 557 aut
571 488 734 557 scribendi
766 489 928 556 licentiam
968 499 1187 573 ostentarent3
1223 503 1259 560 ut

193 598 353 666 Antistius
380 598 432 664 ille
457 596 576 677 Labeo,
594 596 862 684 jurisconsultus,
886 597 942 685 qui
961 618 1103 665 romanae
1122 599 1262 687 antiqui·

195 704 270 773 tatis
293 705 384 793 leges
409 725 538 792 semper
561 703 595 768 in
616 724 671 770 ore
697 703 850 787 habebat,
870 704 1021 792 stetitque
1037 704 1123 771 intra
1142 716 1263 793 praetu-

196 835 280 894 ram,
313 835 354 880 ne
388 812 428 879 ab
458 814 606 899 Augusto
634 811 838 877 consulatum
868 811 1058 898 acciperet¹.
1098 812 1261 880 Nobilium

195 920 339 988 virorum
373 917 441 1008 qui,
467 917 551 985 bello
578 916 675 1000 cirili,
706 938 763 1006 pro
789 919 949 985 servanda
967 918 1115 986 libertate
1137 920 1264 987 recide-

195 1037 281 1109 rant,
305 1047 358 1094 res
377 1035 487 1114 gestas
509 1025 602 1091 multi
638 1035 904 1113 composuerunt,
932 1024 1025 1113 quasi
1044 1026 1177 1094 nomina
1200 1027 1263 1094 ista

148 1119 151 1123 ’
196 1135 301 1201 invisa
323 1131 502 1221 objicerent
524 1134 686 1218 Auguste.
717 1135 747 1198 ls
771 1131 931 1198 Caecilium
950 1133 1127 1220 Epirotam,
1157 1133 1264 1200 rheto-

196 1262 280 1323 rem,
304 1241 348 1308 ita
373 1239 542 1306 inimicum
572 1238 684 1305 habuit
709 1248 755 1319 ut,
785 1238 869 1305 inter
897 1239 1092 1326 gravissima
1113 1240 1261 1322 crimina,

197 1348 298 1429 Gallo,
315 1347 446 1435 AEgypti
464 1345 615 1434 praefecto
630 1367 666 1412 ac
685 1356 788 1434 poetae
807 1346 942 1432 insigni,
960 1346 1190 1434 exprobratum
1207 1348 1260 1428 sit,

196 1476 229 1522 se
245 1453 279 1535 in
295 1474 427 1521 suorum
444 1452 653 1520 familiarium
669 1453 856 1520 societatem
872 1452 1030 1520 Caecilium
1046 1453 1136 1520 illum
1155 1454 1261 1520 admi·
1322 1504 1323 1508 ,

196 1561 310 1627 sisse².
324 1561 442 1642 Anser,
464 1559 597 1626 Antonii
620 1558 767 1647 partibus
783 1559 859 1625 olim
875 1558 1037 1638 addictus,
1060 1561 1131 1646 ejus
1146 1560 1260 1627 laudes

194 1665 367 1748 scribebat,
394 1665 467 1733 ideo
483 1665 594 1733 forsan
612 1687 630 1731 a
649 1666 786 1753 Virgilio
802 1666 1024 1754 perstrictusl.
1043 1667 1258 1734 Plurimorum

194 1772 327 1862 insuper
353 1774 449 1861 jooiS,
478 1772 783 1861 epigrammatibus,
810 1771 976 1861 probrosis
998 1775 1202 1841 testamentis
1229 1785 1262 1841 et

194 1879 339 1969 epistolis
354 1882 524 1968 Augustus
538 1880 635 1946 laesus
652 1880 733 1946 estl.

237 1987 407 2074 Augustus
430 2008 507 2055 vero
531 1987 594 2053 ista
613 1986 785 2053 maledicta
808 1987 953 2073 neglexit
976 1998 1008 2055 et
1033 1988 1257 2076 contempsitt.

192 2095 363 2177 Meuanas,
381 2104 417 2160 ut
431 2093 529 2180 vulgo
544 2092 723 2175 ferebatur,
741 2115 896 2160 verumne
917 2116 959 2160 an
974 2094 1085 2160 fictum
1100 2093 1263 2161 incertum·

194 2209 255 2281 est,
273 2222 347 2267 eum
370 2201 585 2267 admonuerat
599 2209 635 2266 ut
650 2200 816 2267 neminem
837 2221 950 2268 eorum
972 2222 1117 2290 unquam
1139 2202 1261 2288 majes-

193 2309 269 2375 tatis
294 2318 473 2392 accusaret,
500 2307 555 2396 qui
575 2307 669 2374 dictis
697 2307 748 2373 vel
772 2306 864 2374 factis
890 2307 996 2395 ipsum
1021 2307 1258 2375 lacessissent:

197 2440 214 2477 a
243 2417 300 2497 Te,
331 2413 511 2502 inquiebat,
548 2413 735 2501 hujusmodi
768 2414 973 2481 contumeliis
1006 2415 1153 2480 altiorem
1187 2435 1259 2481 esse

196 2521 302 2603 decet,
320 2542 427 2611 neque
443 2520 476 2587 id
492 2520 601 2587 animo
617 2529 672 2587 tuo
686 2542 898 2609 praesumere,
917 2542 1023 2610 neque
1041 2521 1121 2588 alios
1139 2521 1172 2587 in
1188 2541 1260 2587 eam

195 2629 382 2717 opinionem
404 2627 572 2709 inducere,
600 2649 672 2694 esse
698 2629 754 2716 qui
777 2628 850 2710 tibi,
877 2650 936 2695 sua
955 2629 1079 2716 lingua,
1103 2628 1259 2694 darnnum

196 2736 301 2802 lacere
320 2735 436 2824 possit.
462 2735 591 2802 Nullum
612 2735 698 2800 enim
718 2734 885 2801 hominem
902 2734 1006 2817 laedis,
1032 2734 1088 2801 sed
1108 2734 1260 2801 omnibus

196 2841 362 2909 benefacis
378 2865 385 2923 ;
402 2841 489 2907 haud
504 2841 605 2929 igitur
620 2841 794 2908 honestum
810 2841 909 2908 fuerit
921 2852 951 2908 te
966 2841 1150 2908 existimare
1165 2862 1262 2929 quos-

196 2948 273 3015 dam
292 2949 436 3037 assequi
454 2958 483 3015 te
502 2948 630 3036 probris
648 2949 828 3015 consectari
848 2949 1020 3016 voluerint.
1039 2947 1073 3014 ld
1089 2947 1176 3014 enim
1191 2957 1262 3015 tan-

196 3055 364 3123 tummodo
387 3056 524 3122 credunt
542 3055 676 3144 pessimi
693 3056 867 3144 principes,
890 3077 971 3145 quos
995 3054 1036 3121 ad
1060 3054 1260 3122 credendum

196 3173 306 3230 movet
324 3162 408 3230 mala
423 3183 482 3229 sua
501 3162 711 3230 conscientia.
732 3162 845 3229 Melius
868 3173 916 3229 est
940 3162 1040 3250 igitur
1064 3183 1102 3228 ea
1117 3160 1262 3229 convicia

196 3268 437 3336 dissimularel.
461 3295 476 3331 »
495 3269 707 3357 Philosophus
722 3269 961 3351 Athenodorus,
980 3290 1076 3357 quem
1092 3269 1263 3354 Augustus

196 3396 325 3443 summo
362 3397 472 3443 amore
501 3375 637 3457 colebat,
674 3397 740 3443 non
776 3397 891 3464 parum
920 3376 1022 3442 valuit
1052 3386 1088 3442 ut
1117 3396 1193 3442 eum
1219 3374 1260 3441 ab

230 3620 250 3666 t.
269 3616 354 3677 Tacit,
368 3616 473 3677 About,
487 3631 521 3676 nr,
533 3617 575 3676 'lb;
592 3617 659 3679 Digr,
676 3617 701 3665 t.
717 3618 736 3674 l,
752 3619 777 3666 T.
795 3618 825 3674 ll,
841 3618 864 3677 2,
878 3620 890 3675 ἓ
902 3618 946 3677 ll3
963 3616 1088 3680 Porphyr„
1103 3615 1145 3663 Ad
1158 3615 1264 3664 Horatii

199 3688 265 3749 Sat,
282 3690 301 3749 l,
319 3703 352 3746 nr,
369 3688 418 3738 82:
436 3687 675 3738 abrenuntiemus
691 3688 713 3737 io
729 3700 775 3750 qua
790 3692 860 3737 natus
876 3691 935 3745 erat,
950 3686 1025 3736 multa
1035 3686 1205 3736 contumaciter
1219 3686 1263 3735 ad-

197 3772 281 3808 versus
300 3759 416 3808 Cesarem
433 3759 584 3820 (Augustum)
602 3759 689 3807 dixisse
705 3763 728 3808 et
742 3760 828 3808 iecisse
847 3759 933 3808 dicitur
944 3773 969 3819 »3
986 3757 1068 3807 Ateius
1086 3757 1177 3820 Capito,
1198 3757 1260 3819 apud

197 3833 226 3880 A.
242 3830 352 3890 Gellium,
367 3844 418 3887 rin,
435 3832 481 3878 t2:
497 3829 626 3890 «Agitabat
640 3830 758 3879 hominem
775 3830 872 3881 libertas
887 3841 939 3892 qua
949 3831 994 3878 tam
1007 3829 1078 3877 nimia
1092 3831 1115 3878 et
1129 3841 1221 3877 vecors.
1234 3846 1244 3869 ιι

228 3902 252 3950 2.
271 3903 378 3959 Sueten,
393 3901 517 3951 Gratum..
533 3903 570 3949 16.

229 3973 251 4022 3.
269 3972 327 4021 Vita
345 3972 425 4034 Viro„
437 3973 474 4019 67.
489 3973 524 4021 Cl.
542 3973 658 4030 Servium,
672 3972 714 4020 aa
730 3972 826 4035 Helop,
840 3987 881 4032 vn,
898 3972 941 4032 263
958 3986 991 4031 rr,
1003 3973 1041 4020 36.

228 4046 251 4092 t.
269 4043 328 4092 Vide
340 4043 400 4091 intra
414 4057 465 4104 queo
476 4043 504 4092 de
519 4043 652 4105 Timagene,
668 4044 750 4094 Cassio
766 4047 853 4094 Severo
868 4058 894 4093 ac
909 4043 1010 4093 Labieno
1021 4042 1107 4091 dicturi
1121 4055 1213 4091 sunms.

227 4117 250 4164 5.
270 4134 281 4158 «
294 4114 389 4164 i‘robris
405 4114 427 4162 in
441 4128 466 4163 se
480 4115 550 4163 dietis
565 4116 686 4176 Augustus
701 4115 811 4165 arrisit„
827 4117 933 4176 (Seneca,
950 4115 987 4163 De
1002 4113 1153 4175 Clementia,
1172 4128 1198 4172 n,
1214 4112 1262 4175 ll.)

226 4186 249 4235 6.
267 4188 295 4235 b.
316 4185 421 4245 Cassius,
437 4201 476 4245 nn,
493 4188 531 4238 31.
547 4187 582 4234 Ct.
599 4200 637 4246 tv,
653 4188 687 4236 7:
706 4207 718 4232 o
731 4187 773 4236 Ubi
787 4189 901 4236 Maecenas
916 4189 1048 4248 Angustum
1059 4185 1093 4234 ira
1106 4185 1265 4234 effervescen-

196 4261 243 4307 tem
256 4257 358 4317 vidcbat,
374 4270 427 4306 eum
442 4258 470 4307 ad
486 4258 692 4307 mansuetudinem
706 4257 865 4307 reducebat.»
