2916 4934
492 393 747 447 Houtntssusnud
771 394 967 441 traducaris,
1227 386 1260 438 35

195 507 283 595 poris
299 507 471 594 imperium
489 506 711 573 obtinentibus
726 528 792 572 non
807 506 1040 594 probabantur.
1060 512 1130 596 Ipse
1147 531 1260 578 versus

197 613 236 680 de
260 614 367 696 Arria,
389 614 468 681 Paeti
487 614 618 681 Caecinae
638 634 751 694 uxore,
770 635 840 701 quaa
864 636 899 681 se
920 625 993 680 ante
1011 616 1129 697 uirum,
1147 618 1260 684 mortis

196 720 381 808 exemplum
407 731 439 788 et
459 721 709 787 incitamentum
735 719 862 802 datura,
890 721 1062 804 occiderat,
1092 723 1259 811 scripsisse
1287 804 1291 816 ἱ

195 825 309 893 fertur.
333 830 566 894 Verumtamen
592 828 645 894 vix
671 827 704 891 in
724 827 825 893 Persii
849 827 957 893 satiris
981 849 1084 915 pauca
1101 829 1258 918 reperias,

196 932 316 1022 quibus
336 934 497 1022 principes
519 932 641 1000 offendi
665 934 802 1021 possint.
829 935 891 1000 Eas
917 935 1016 1015 enim,
1045 956 1085 1001 ne
1107 937 1260 1025 cuiquam

196 1040 376 1128 periculum
402 1040 565 1121 afferrent,
584 1049 758 1128 antequam
778 1040 876 1106 Caesio
892 1043 1003 1121 Basso,
1025 1043 1126 1108 Persii
1141 1044 1258 1126 amico,

197 1147 413 1214 committeret
428 1147 583 1228 edendae,
602 1155 749 1213 accurate
771 1147 930 1212 Cornutus
951 1149 1174 1235 expurg·ovit¹‚
1192 1172 1263 1217 ver-

198 1253 288 1320 sibus
316 1253 475 1342 praecipuc
508 1253 665 1341 ademptis
693 1252 812 1342 quibus
839 1253 945 1320 studia
973 1256 1107 1321 Neronis
1136 1257 1262 1344 poetica

198 1359 325 1426 irrideri
350 1359 558 1427 videbantur.
586 1361 691 1439 Quum
717 1360 805 1426 enim
831 1361 959 1426 Persius
984 1362 1030 1426 sic
1053 1362 1258 1449 scripsisset:

199 1467 400 1533 «Auriculas
426 1466 510 1533 asini
535 1465 631 1533 Mida
663 1488 722 1532 ree
746 1467 855 1546 babet,
885 1493 901 1529 »
932 1468 965 1532 in
995 1473 1079 1534 hunc
1110 1469 1258 1550 modum,

193 1574 300 1662 inepte
334 1573 478 1662 quidem,
505 1573 562 1640 sed
595 1573 783 1661 prudenter,
819 1575 1002 1640 aCornuto
1030 1575 1058 1640 is
1089 1575 1179 1642 locus
1213 1587 1262 1643 est

197 1681 390 1747 emendatus
409 1703 416 1746 :
441 1706 458 1742 u
473 1681 643 1746 Auriculas
667 1679 748 1745 asini
767 1679 925 1766 quianon
948 1679 1114 1747 habet²?»
1141 1687 1188 1748 Ita
1207 1683 1260 1749 iiie

193 1787 365 1854 satirarum
394 1785 521 1853 libellus
546 1807 704 1853 excussus
741 1798 801 1866 est,
834 1797 870 1852 ut
895 1786 1025 1854 innoxie
1051 1788 1120 1874 jam
1146 1790 1179 1854 in
1203 1811 1262 1877 pu-

194 1892 314 1960 blicum
337 1893 467 1981 prodire
493 1902 616 1981 posset.
639 1895 710 1958 Non
735 1903 846 1958 tamen
876 1891 1073 1960 abolendum
1100 1896 1260 1962 Cornutus

196 2000 324 2067 censuit
351 2021 453 2066 unum
479 1999 530 2068 vel
561 2000 698 2065 alterum
725 1998 861 2064 Neronis
892 2019 1024 2065 versum
1053 1999 1141 2066 haud
1167 2023 1260 2068 reve-

195 2116 304 2173 renter
335 2128 352 2172 a
379 2107 488 2172 Persio
526 2105 718 2194 prolatum³.
754 2104 892 2183 Quidam
927 2104 1136 2172 crediderunt
1162 2109 1261 2173 Nero-

196 2234 273 2279 nem
296 2234 367 2279 csse
387 2213 473 2278 hunc
496 2211 663 2278 hominem
680 2232 777 2299 quem
797 2211 927 2277 Persius
948 2212 981 2276 in
1001 2233 1093 2278 suam
1115 2216 1162 2280 De
1178 2214 1261 2280 cotis

198 2319 330 2386 satiram
345 2318 474 2385 induxit
493 2317 571 2385 deos
590 2317 642 2384 his
661 2317 769 2386 verbis
784 2328 992 2405 precantem:

323 2549 489 2611 Pupillumre
506 2549 618 2608 utinam,
635 2561 714 2610 quem
728 2549 869 2610 proximus
884 2548 969 2597 haeres

324 2620 444 2682 lmpcilo,
461 2620 627 2682 expungam!
643 2619 764 2681 Namque
778 2622 818 2667 est
830 2619 968 2668 scabiosus
981 2622 1006 2668 et
1021 2620 1075 2668 acri

324 2690 379 2739 Bile
392 2692 509 2740 tumeret

200 2905 291 2984 Quod
316 2905 342 2971 si
366 2904 506 2992 pupillus
528 2902 676 2969 misellus
701 2902 767 2983 iiie,
790 2911 826 2968 ut
845 2903 1015 2988 ingeniose
1038 2904 1259 2992 conjecerunt,

200 3032 264 3077 non
293 3011 375 3078 alius
398 3011 497 3077 fuerit
521 3032 557 3076 ac
579 3009 796 3090 Britannicus,
826 3028 924 3096 quern
949 3011 1032 3076 Nero
1052 3032 1177 3078 veneno
1205 3035 1263 3078 ec-

195 3119 332 3207 punar't,
355 3118 388 3184 id
411 3117 553 3205 profecto
577 3126 699 3182 temere
721 3125 753 3182 et
773 3115 953 3203 periculose
975 3116 1175 3184 dictumest.
1198 3119 1263 3185 Sed

198 3224 266 3292 haec
281 3224 431 3291 subtilius
449 3244 547 3311 quam
567 3223 676 3289 verius
690 3222 871 3308 excogitata
889 3243 960 3288 esse
978 3220 1128 3291 arbitror.

243 3334 344 3398 Fama
372 3341 433 3412 est,
463 3339 593 3396 auctore
623 3329 758 3409 incerto,
784 3328 975 3395 iuvenalem
1007 3351 1119 3396 versus
1144 3329 1178 3395 in
1207 3332 1264 3397 Pa-

199 3437 302 3504 ridem
339 3437 588 3525 pantomimum,
631 3435 811 3501 Domitiano
853 3435 1105 3516 amatissimum,
1140 3437 1263 3504 occulte

201 3544 457 3632 composuisse⁵,
496 3564 532 3609 ac
566 3542 668 3618 multo
703 3550 777 3628 post
811 3542 983 3607 satirarum
1008 3541 1099 3607 libris
1130 3542 1264 3609 eosdem

200 3650 395 3732 inseruissc;
416 3650 542 3718 venisse
559 3649 659 3734 igitur
679 3648 713 3712 in
733 3647 951 3735 suspicionem
966 3646 1054 3736 quod
1072 3647 1264 3716 histrionem

233 3910 256 3958 t.
278 3907 338 3956 Vita
352 3906 434 3955 Persii
448 3906 552 3966 (auctore
568 3903 678 3966 incerto).

233 3981 256 4027 ἓ.
276 3977 380 4036 Persius
397 3992 413 4036 ι,
432 3979 485 4026 121.

234 4053 256 4099 3.
275 4065 291 4109 ι,
307 4050 392 4108 93-953
408 4049 511 4107 99-1023
526 4045 611 4096 Sebol.
628 4047 654 4093 in
664 4047 745 4106 Pers,
757 4044 821 4094 ibid.
834 4072 862 4081 -
877 4047 957 4107 Neque
967 4045 1034 4105 jocos
1049 4046 1166 4096 Cornutus
1178 4046 1266 4097 delerit

203 4120 231 4170 de
244 4119 405 4170 centurionum
416 4118 517 4167 hircosa
528 4122 552 4167 et
566 4118 684 4166 verrucosa
700 4119 769 4178 gente
786 4116 828 4179 (ur,
843 4117 886 4177 ii3
902 4131 925 4175 v,
940 4117 1005 4178 190).

234 4193 258 4310 d.
275 4191 437 4320 d'Qidodbon
453 4259 510 4308 dant
526 4271 642 4322 proceres,
659 4257 724 4306 dabit
741 4257 835 4319 histrio,
849 4261 894 4307 etc.
911 4277 922 4302 ι
937 4257 1041 4322 (turen,
1055 4272 1096 4319 vn,
1110 4259 1139 4306 90
1157 4260 1220 4320 sqq.)
