2916 4934
325 348 392 394 CUM
414 344 594 392 nlnovunls
618 344 853 392 sonlnsunlnns
876 344 912 390 SE
934 343 1124 391 cassanias.
1224 333 1257 386 63
1302 400 1304 404 y

238 463 428 550 Quanquam
447 483 523 528 vero
537 482 575 527 aa
589 460 641 526 lex
654 459 856 526 atrocissima
868 469 1013 547 tempore
1027 467 1255 541 consenuerat,

194 570 349 657 illamque
374 590 433 656 per
453 571 563 655 jocum
592 577 716 634 tantum
742 565 912 633 Trebatius
940 565 1070 633 lloratio
1099 564 1258 632 maledico

194 676 410 758 minabatur¹,
437 686 546 742 tamen
569 684 749 763 supererat.
778 676 822 740 Ea
842 675 930 740 enim
953 675 1037 761 lege,
1061 684 1097 740 ut
1115 673 1256 754 ridetur,

193 783 335 851 Lucilius
351 783 521 872 Attiusque
538 783 609 849 illos
625 781 818 869 injuriarum
832 789 982 868 egerunt,
997 782 1053 870 qui
1068 802 1101 847 se
1113 780 1147 846 in
1160 801 1258 847 scena

195 891 386 960 nominatim
406 890 686 978 cornpellassent².
714 888 837 955 Tullius
857 888 1032 955 arbitratur
1054 888 1136 954 hanc
1153 887 1260 977 prohi-

196 998 352 1066 bitionem
380 997 420 1064 de
450 997 661 1063 scribentium
688 1017 817 1085 quoque
850 995 1054 1064 contumeliis
1084 995 1221 1082 intelligi
1249 1017 1256 1062 :

200 1105 359 1173 «ludiciis
377 1106 477 1186 enim,
503 1104 620 1193 inquit,
646 1105 844 1192 propositam
863 1103 973 1186 vitam,
1001 1124 1067 1169 non
1090 1112 1259 1191 poetarum

197 1213 350 1301 ingeniis,
378 1212 497 1279 hahere
522 1211 693 1294 debemus,
722 1233 782 1278 neo
808 1211 963 1300 probrum
985 1210 1111 1293 audire,
1135 1210 1199 1277 nisi
1221 1232 1259 1277 ea

196 1320 268 1408 lege
282 1330 317 1387 ut
331 1318 527 1408 respondere
551 1318 658 1400 liceat,
683 1328 714 1385 et
738 1318 863 1407 judicio
887 1317 1099 1385 defenderel.
1119 1344 1134 1379 »
1156 1319 1259 1385 luris-

196 1427 290 1516 periti
304 1448 371 1493 non
391 1427 624 1493 commiserunt
636 1435 672 1492 ut
689 1425 770 1492 illud
792 1424 946 1493 delictum
962 1425 1257 1514 praetermitterent,

197 1534 363 1623 multaque
393 1534 432 1600 de
462 1533 587 1622 scriptis
609 1532 774 1622 probrosis
801 1534 954 1621 Ulpianus
982 1531 1163 1622 proposuit,
1188 1553 1259 1620 quae

197 1650 308 1730 postea
322 1641 523 1726 lustinianus
542 1641 575 1706 in
590 1640 724 1729 Diqestu
744 1640 898 1729 receptu.

241 1749 406 1837 Principes
427 1748 526 1837 ipseo,
553 1747 641 1813 haud
664 1747 756 1814 aliter
778 1769 813 1813 ac
830 1748 915 1814 cives
932 1747 1076 1832 infimos,
1101 1773 1146 1817 cae
1168 1751 1259 1839 leges

199 1856 386 1938 tuebantur,
405 1877 475 1944 quaa
492 1855 530 1922 de
547 1855 666 1942 injuria
689 1864 720 1920 et
739 1854 892 1922 conviciis
912 1855 983 1922 lata
1003 1855 1144 1925 fuerant.
1168 1859 1261 1924 Atta-

199 1985 288 2046 men,
312 1973 476 2031 utrarum
498 1962 616 2043 dicam,
635 1961 762 2050 quoties
787 1961 821 2027 in
837 1961 1008 2049 scriptores
1032 1965 1179 2032 saevitum
1198 1975 1258 2044 est,

199 2070 295 2159 idque
319 2070 495 2158 saepissime
519 2068 675 2136 accidisse
693 2090 759 2135 non
779 2068 951 2136 difficulter
973 2070 1154 2153 ostendam,
1175 2092 1260 2138 nuu-

200 2199 297 2266 quam
316 2199 353 2244 eo
371 2177 505 2244 crimine
525 2178 559 2243 in
580 2198 634 2244 eos
650 2186 757 2243 actum
774 2185 834 2258 est,
856 2177 943 2266 qnod
959 2178 1064 2244 edicta
1079 2179 1118 2245 de
1134 2179 1262 2267 injuriis

201 2295 232 2352 et
247 2285 380 2352 famosis
401 2285 528 2373 scriptis
548 2283 771 2371 infregissent.
794 2285 851 2352 Vel
874 2285 962 2352 nulla
986 2286 1142 2353 saeviendi
1165 2307 1263 2354 cansa

201 2391 306 2474 datur,
335 2392 397 2473 vel,
425 2393 452 2458 si
479 2413 543 2481 qna
574 2391 681 2474 datur,
710 2413 839 2480 semper
862 2394 1047 2482 majestatis
1074 2394 1197 2460 eramen
1213 2394 1263 2460 al-

201 2498 305 2565 lartur
318 2500 351 2566 in
368 2498 525 2565 medium.

245 2605 434 2696 Mujestatis
456 2628 494 2673 ea
515 2606 568 2672 lec
592 2607 826 2695 appellabatur,
849 2630 913 2696 qna
934 2609 1093 2675 sancitum
1118 2619 1198 2691 erat,
1222 2630 1263 2676 ne

201 2713 379 2802 quidquam
399 2713 555 2781 adversus
578 2714 688 2803 populi
707 2715 834 2781 roniani
858 2715 1064 2782 securitatem
1084 2725 1139 2782 aut
1157 2715 1264 2802 digni-

201 2830 300 2888 tatem
314 2820 417 2887 fieret.
435 2820 519 2887 Nihil
535 2842 612 2889 vero
627 2821 768 2888 habebat
784 2821 871 2910 quod
886 2822 981 2910 plane
1004 2832 1128 2890 certum
1149 2845 1185 2890 ac
1207 2823 1264 2890 de-

203 2928 330 2994 finitum
355 2937 453 3010 esset,
475 2949 578 3017 eoque
599 2928 803 2996 commodius
828 2929 944 3017 ipsam,
968 2929 994 2996 si
1010 2931 1083 3019 quis
1105 2940 1264 3020 tyrannus

203 3057 313 3102 rerum
339 3036 508 3124 potiretur,
539 3035 581 3101 ad
604 3035 686 3102 iram
709 3057 803 3103 suam
825 3037 1101 3104 accommodabat.
1130 3041 1199 3105 Non
1225 3037 1264 3104 ab

204 3142 452 3231 imperatoribus
470 3143 617 3210 instituta
637 3153 721 3225 erat3
744 3143 800 3211 sed
818 3144 841 3210 ii
859 3154 1024 3233 acceptam
1042 3166 1060 3210 a
1077 3145 1263 3233 Republica,

203 3249 296 3316 titulo
320 3259 351 3316 et
370 3250 501 3317 nomine
524 3272 591 3317 non
614 3250 817 3333 immulato⁵,
841 3252 882 3318 ad
904 3250 955 3318 sui
974 3251 1150 3319 vindictam
1166 3252 1266 3337 flexe-

204 3367 290 3424 runt.
306 3360 463 3446 Namque,
482 3358 567 3446 apud
587 3369 725 3441 veteres,
744 3360 799 3447 qni
820 3358 925 3426 sciens
942 3358 975 3424 in
994 3358 1113 3426 tabulis
1130 3359 1267 3447 publicis

203 3465 320 3532 salsum
337 3465 598 3554 conscripsisset,
616 3476 717 3534 caetus
732 3477 907 3534 nocturnos
928 3487 1002 3533 cum
1022 3467 1121 3533 armis
1137 3467 1169 3532 in
1187 3464 1266 3533 urbe

239 3727 262 3774 1,
479 3725 578 3767 Monitus
591 3737 676 3775 corveas,
690 3738 717 3767 ne
729 3726 786 3767 terte
798 3726 874 3780 negoti

378 3787 474 3829 Incutiat
487 3787 527 3829 tibi
540 3792 665 3829 sanctarum
676 3788 765 3830 inscitia
777 3788 852 3842 legum
866 3801 871 3828 ι

381 3865 390 3886 ιι
403 3850 426 3890 Si
438 3850 496 3890 mala
509 3850 634 3892 condiderit
645 3852 668 3892 in
679 3863 744 3904 quem
756 3852 805 3904 quis
817 3850 923 3899 earmina,

379 3913 420 3954 Jus
430 3917 468 3964 est,
478 3912 640 3968 judiciumque.
653 3931 662 3953 a
675 3915 751 3968 (Hom,
765 3913 845 3964 Satin,
859 3914 888 3964 ll,
901 3926 917 3966 1,
930 3912 964 3956 al.

238 4028 260 4078 2.
278 4027 320 4077 Ad
333 4029 500 4090 Herennium,
514 4044 530 4090 r,
545 4031 586 4090 l4;
603 4043 628 4091 n,
644 4031 680 4080 13.

239 4101 262 4149 3.
280 4100 348 4163 Apud
362 4100 386 4150 S.
400 4101 470 4162 Aug„
483 4099 536 4149 loeo
550 4102 594 4150 cit.

239 4171 262 4218 l.
280 4171 397 4236 Digesta,
413 4173 439 4220 L.
456 4173 544 4231 xnvu,
559 4174 584 4221 Τ.
599 4174 627 4234 Χ,
643 4175 665 4234 5,
680 4176 692 4232 ἕ
705 4175 718 4222 9
733 4171 774 4236 (cl.
791 4173 868 4237 §10);
886 4173 923 4235 lb,
939 4176 951 4233 5
979 4175 1001 4223 9.

239 4243 261 4291 5.
279 4242 363 4304 Tacit,
378 4242 484 4302 Annul,
501 4257 518 4303 r,
534 4245 574 4292 ⁵12.
893 4260 894 4264 ¹
