2916 4934
637 353 805 400 nannum.
832 329 834 335 ’

191 469 277 536 tium
302 467 480 546 invidiam,
505 470 662 554 excepta,
688 486 765 533 cras
785 466 998 544 exolescant,
1025 486 1065 532 ac
1086 465 1253 534 memoria
1310 526 1312 529 .

193 583 365 653 excidant.

237 697 399 780 Quamvis
424 718 502 787 quae
522 719 643 786 parum
667 701 867 765 reverenter
890 698 924 763 in
947 697 1101 766 Caesares
1126 697 1256 786 scripta

194 817 287 894 sunt,
321 814 565 901 orationesque
592 834 612 880 a
642 812 871 901 philosophis,
904 812 1101 890 causidicis,
1134 811 1257 900 juven-

195 929 279 997 tutis
303 928 590 1018 praeceptoribus,
612 927 648 993 in
670 927 797 995 scholis
819 928 874 995 vel
895 928 988 1015 apud
1004 927 1155 1016 judices
1172 928 1258 994 libe-

193 1044 265 1111 rius
284 1043 424 1125 habitat,
446 1043 520 1112 lere
541 1041 773 1131 disperierint,
790 1063 861 1110 non
877 1043 974 1110 ardui
990 1047 1108 1110 tamen
1127 1043 1257 1110 laboris

195 1160 272 1240 erit,
298 1159 365 1226 nisi
390 1163 553 1248 suscepto
578 1159 720 1245 negotio
741 1159 903 1238 fallimur,
936 1160 1043 1225 multa
1075 1158 1258 1225 indiciam

195 1275 349 1342 medium
373 1275 508 1355 allerre,
530 1275 656 1363 quibus
678 1274 884 1342 ostendatur
906 1274 1078 1341 litteratos
1097 1274 1258 1341 homines

196 1410 273 1457 cum
294 1389 447 1457 romanis
473 1389 739 1478 imperatoribus
765 1389 959 1456 simultates
981 1389 1140 1456 assiduas
1164 1409 1260 1456 exer-

198 1505 323 1573 cuisse.

240 1619 292 1686 Ad
310 1621 347 1687 id
365 1621 583 1708 opusculum,
599 1620 850 1709 qualecumque
864 1620 1018 1687 futurum
1034 1623 1100 1699 est,
1119 1641 1261 1688 exaran-

198 1736 292 1815 dum,
314 1736 411 1803 libris
432 1736 685 1804 recentioribus
704 1736 840 1804 modice
861 1736 915 1802 usi
931 1735 1083 1814 sumus¹,
1107 1735 1261 1824 illudque

197 1872 288 1939 pene
315 1855 427 1920 totum
455 1873 498 1920 ex
532 1851 748 1940 antiquitatis
774 1850 987 1930 auctoribus,
1018 1851 1061 1918 iis
1087 1851 1261 1939 praecipue

198 1966 256 2055 qui
283 1987 506 2035 romanorum
538 1967 733 2056 principum
766 1970 843 2033 aeta
875 1966 1080 2046 retulerunt,
1114 1966 1264 2034 confeci-

197 2101 287 2150 mus.
324 2081 526 2172 Quanquam
562 2103 642 2150 vero
676 2083 714 2148 D.
746 2081 783 2151 G.
813 2083 985 2162 Boissier,
1016 2082 1051 2148 in
1081 2103 1143 2151 suo
1174 2082 1262 2150 libro

200 2219 303 2285 quem
320 2198 498 2287 inscripsit
518 2222 524 2264 :
542 2198 766 2287 l'Oppositc'on
781 2220 856 2264 socca
870 2198 915 2264 les
933 2199 1061 2278 Gesors,
1079 2199 1168 2265 hanc
1183 2219 1265 2266 nos-

199 2317 288 2380 tram
317 2314 498 2381 materiam
521 2313 658 2381 videtur
686 2318 868 2393 tractasse,
898 2317 1051 2381 attamen
1076 2314 1264 2380 admodum

156 2418 158 2422 ⁷
200 2448 323 2516 pauca,
358 2433 396 2496 ut
425 2418 567 2496 cuilibet
594 2429 723 2515 legenti
753 2429 899 2516 patebit,
931 2450 974 2497 ex
1002 2429 1059 2496 illo
1092 2429 1264 2496 excellen-

202 2543 336 2611 tissimo
361 2565 466 2634 opere
481 2544 763 2633 desumpsimus,
793 2565 899 2632 quum
927 2544 1021 2612 aliud
1045 2546 1084 2611 D.
1111 2544 1266 2612 Boissier

201 2679 241 2725 ac
266 2662 424 2726 nostrum
441 2659 615 2726 scribendi
634 2659 843 2738 institutum,
867 2660 1015 2748 librique
1033 2659 1265 2728 concinnandi

202 2775 386 2840 oecorzomiu
404 2779 438 2843 et
456 2775 542 2842 ratio
559 2774 675 2842 fuerit.

234 3014 255 3060 l.
274 3011 316 3059 Ad
326 3009 423 3060 calcem
438 3009 520 3073 hujus
532 3009 593 3058 libri
611 3008 800 3072 subjunpemus
820 3010 929 3059 iudicem
948 3009 1076 3060 librorum
1093 3014 1267 3062 recentiorum

207 3082 254 3146 qui
267 3083 379 3130 atrurime
391 3081 427 3130 ad
440 3084 558 3129 nostrum
571 3083 753 3144 mummolum
766 3081 912 3143 pertinent.
