2916 4934
574 334 612 379 un
635 331 871 379 scalnaonmus

315 446 423 494 Necnon
436 445 534 494 Antoni
548 445 638 494 civilia
651 445 723 494 heila
737 444 872 493 moventis

348 517 407 565 Non
421 516 503 565 semel
519 516 631 565 iniectas
643 515 750 578 adspice
764 515 835 564 ccede
850 527 964 573 manus;

315 589 346 635 Et
363 587 405 636 dic
420 603 425 635 :
445 588 528 637 Roma
540 588 618 650 perit.
632 585 760 650 Rependat
781 585 909 649 cooperior
923 584 1008 634 rrtzrlto

346 658 388 706 Ad
402 673 510 721 reginum
525 659 645 722 quisquis
658 659 728 707 venit
742 656 775 706 ab
790 657 882 706 arsitio
892 661 911 704 ¹.

235 828 334 894 Multa
348 849 477 918 quoque
493 828 527 894 in
541 830 702 896 Neronem
717 848 820 915 graece
833 836 864 893 et
879 826 978 893 latine
993 825 1152 914 producta
1165 832 1252 906 sunt,

193 934 324 1001 utillud
342 958 350 1001 :

317 1109 457 1174 Νέονυμφος
470 1109 552 1174 Νέρων
567 1108 629 1158 ἰδίαν
643 1109 738 1173 μητέρα
753 1109 907 1157 ἀπέκτεινεν,

192 1304 290 1396 idque
311 1307 412 1374 multo
435 1306 587 1395 lepidius
607 1317 679 1395 post
701 1305 888 1394 Agrippinae
910 1304 1120 1386 occisionem,
1145 1304 1259 1372 inven-

193 1423 265 1480 tum
282 1437 290 1480 :

319 1591 382 1650 Quis
397 1594 478 1655 neget
493 1591 579 1640 AEnere
593 1604 692 1654 magno
707 1589 740 1638 de
755 1590 839 1652 stirpe
854 1590 1006 1639 Neronem?

351 1661 464 1711 Sustulit
478 1662 520 1711 hic
533 1666 651 1726 putrcrn;
667 1661 776 1710 sustulit
789 1661 836 1710 ille
847 1662 994 1710 mutrem²l

197 1848 262 1917 Sed
277 1871 348 1938 quae
367 1850 428 1916 hoc
442 1849 540 1917 modo
559 1849 593 1916 in
608 1849 751 1938 reliquos
771 1848 866 1936 primi
887 1848 995 1915 saeculi
1015 1849 1154 1915 Caesares
1171 1868 1261 1914 com-

196 1955 298 2023 missa
317 1957 411 2024 sunt³
431 1967 600 2044 praetereo.

241 2063 350 2129 Altero
371 2085 407 2129 ac
430 2064 525 2130 tertio
552 2062 680 2143 saeculo,
707 2082 897 2151 quanquam
920 2060 1012 2127 furor
1029 2060 1175 2148 poeticus
1190 2061 1261 2148 jam

196 2168 290 2236 valde
312 2168 532 2251 deferbuerat,
557 2179 653 2258 atque
676 2168 717 2234 ad
742 2168 805 2234 alia
829 2168 936 2235 studia
961 2188 995 2234 se
1017 2188 1117 2255 prope
1145 2187 1261 2233 omnes

198 2285 435 2351 converterant,
461 2297 526 2342 non
546 2275 721 2343 defuerunt
743 2285 853 2342 temen
873 2273 929 2363 qui
950 2273 1112 2362 principes
1136 2273 1260 2361 asperis

198 2381 366 2449 versiculis
391 2382 662 2470 aggrederentur.
692 2386 728 2449 ln
754 2382 932 2448 Macrinum
953 2379 1113 2469 precipue
1143 2378 1264 2447 invecti

199 2497 287 2570 sunt,
310 2489 445 2579 ejusque
460 2489 563 2556 filium
575 2489 777 2556 Antoninum
791 2487 1041 2568 Diadumenum,
1060 2485 1100 2552 de
1116 2507 1180 2576 quo
1196 2507 1264 2553 non
1292 2522 1295 2526 ·

200 2593 296 2661 stulte
323 2595 422 2662 latino
449 2605 481 2661 et
507 2616 613 2682 greco
638 2595 781 2662 carmine
808 2594 962 2661 dictum:
994 2613 1071 2659 eum
1092 2593 1126 2659 in
1148 2613 1263 2659 somno

200 2722 304 2767 unum
320 2722 359 2767 ex
377 2701 553 2769 Antoninis
570 2701 685 2768 fuisse.

245 2808 413 2875 Nonnullis
429 2807 678 2896 imperatoribus
698 2829 736 2875 ea
756 2806 901 2874 carmina
919 2806 1063 2873 carmine
1079 2804 1265 2872 confutasse

201 2913 332 3002 placuit.
350 2915 440 2981 Idem
457 2915 510 2981 ille
532 2915 694 2982 Macrinus
716 2924 828 2981 contra
850 2934 906 2980 eos
922 2913 978 3001 qui
999 2933 1033 2979 se
1055 2912 1267 2978 lacessissent

202 3019 329 3088 iambos
354 3020 466 3103 fecit⁶3
492 3042 620 3088 necnon
636 3020 820 3088 Alexander
846 3020 998 3100 Severus,
1024 3018 1150 3085 amalo
1171 3028 1267 3106 poeta

202 3127 334 3214 petitus,
364 3128 457 3216 quasi
486 3138 691 3196 venustatem
724 3128 789 3195 oris
818 3148 855 3193 ac
884 3127 1029 3215 leporem
1063 3125 1198 3192 haberet
1227 3145 1267 3190 ox

204 3233 312 3323 lepore
340 3256 482 3317 comeso,
511 3235 563 3302 his
587 3234 719 3323 ineptiis
743 3232 1035 3320 versibusgraecis
1064 3231 1265 3319 responditl.

237 3503 260 3549 l.
280 3501 403 3561 Tiberius,
425 3502 464 3550 59.

236 3574 259 3622 2.
277 3573 353 3633 Nero,
369 3576 408 3622 39.

235 3646 259 3693 3.
279 3665 289 3687 α
306 3644 390 3693 Cornix
410 3644 435 3692 in
452 3641 567 3707 Capitolio
583 3641 674 3692 elocuta
692 3646 728 3693 est
744 3658 749 3692 :
765 3647 849 3690 Ἔσται
865 3642 945 3690 πάνυ
962 3640 1051 3693 ratde
1068 3641 1115 3690 Neo
1133 3637 1207 3689 deluit
1224 3637 1267 3702 qni

206 3718 326 3766 ostentum
341 3715 374 3764 sic
388 3714 586 3779 interpretaretur
604 3728 609 3762 :

393 3849 412 3889 N
416 3859 469 3900 uper
480 3848 633 3901 Tarpeioque
643 3846 701 3889 sedit
712 3846 810 3888 culmine
821 3845 909 3895 cornix,

418 3910 461 3952 nst
470 3910 521 3952 bene
531 3923 575 3952 non
586 3911 659 3964 potuit
668 3910 753 3961 dicere;
771 3909 828 3951 dixit
840 3909 901 3952 Erit.
914 3926 924 3947 n

207 4063 294 4128 (Suet,
310 4062 416 4121 Dormit„
432 4063 471 4112 23.
487 4062 522 4111 Cl.
538 4061 613 4119 iliu„
631 4064 672 4123 143
690 4059 765 4124 octo,
777 4063 804 4123 ³;
820 4062 886 4125 eto).

240 4136 263 4183 4.
281 4134 368 4197 Capit,
383 4134 504 4193 Moerin„
519 4136 546 4182 ll
563 4136 587 4182 et
598 4136 635 4182 lt.

241 4206 264 4255 5.
283 4204 412 4269 lamprid,
425 4205 500 4254 Ales.
515 4205 580 4264 Sea,
594 4205 633 4254 ³8.
