2916 4934
243 360 277 412 32
627 366 667 411 Dll
689 366 928 413 SCRIPTORIBUS

243 502 343 548 causa
373 479 531 561 confictis,
566 479 723 568 probrosa
754 481 788 545 iu
827 481 1020 568 principem,
1056 490 1112 546 aut
1143 491 1311 548 senatores

244 587 494 675 sacerdotesque
521 585 621 653 verba
645 585 913 653 infarciebantur.
939 587 991 653 Sic
1011 587 1176 654 Fulcinius
1192 587 1313 669 Trio,a

244 693 444 761 delatoribus
476 702 660 773 accusatus,
698 703 874 782 antequam
909 703 1103 774 moreretur,
1143 715 1312 781 supremas

242 800 371 868 tabulas
388 799 536 875 confecit,
561 799 680 888 quibus
700 799 821 866 atrocia
838 799 872 864 in
889 798 1010 866 Tiberii
1027 799 1161 866 libertos
1181 800 1309 889 injecit;

245 907 291 974 sic
317 907 464 987 Veientc,
491 905 551 973 sub
572 907 708 973 Neronis
736 907 930 994 principatu,
955 906 1119 973 codicillos
1145 917 1313 975 coutume-

243 1015 343 1081 liosos
365 1013 504 1101 scripsit,
529 1037 546 1075 r<
562 1012 763 1101 conquisitos
777 1022 809 1079 et
826 1012 1000 1094 lectitatos,
1019 1013 1123 1080 donec
1138 1035 1212 1081 cum
1228 1016 1312 1102 peri-

245 1121 317 1188 culo
328 1119 543 1209 parabantur;
558 1140 634 1185 rnox
647 1119 777 1186 licentia
787 1119 929 1185 habendi
941 1119 1137 1187 oblivionem
1152 1121 1308 1187 attulit¹.»

246 1227 360 1294 Annaei
381 1227 483 1307 Melae,
499 1226 600 1314 patris
615 1227 748 1307 Lucani,
766 1235 973 1305 testamento,
993 1237 1219 1314 postmortem
1240 1228 1312 1315 ejus

246 1333 357 1400 addita
372 1343 460 1414 sunt,
473 1343 509 1398 ut
519 1332 652 1421 quidem
669 1332 828 1399 creditum
849 1344 908 1414 est,
927 1333 1044 1400 acerba
1063 1334 1174 1415 verba,
1192 1333 1311 1422 quibus

246 1440 280 1507 iu
305 1440 487 1528 Crispinum
506 1439 719 1527 Aniciumque
742 1440 897 1506 Cerialem
918 1440 1164 1508 invehebatur-².
1184 1440 1218 1506 ld
1240 1461 1312 1506 ma-

247 1568 320 1634 gnae
341 1546 483 1633 Augusti
505 1546 683 1612 clementia
702 1545 859 1612 indicium
874 1546 1024 1626 afferunt,
1043 1568 1118 1613 eum
1139 1556 1314 1614 testamen-

247 1664 356 1721 torum
376 1652 584 1719 insolentiam
599 1674 691 1740 aequo
707 1652 815 1719 animo
835 1653 982 1719 tulisse³.

292 1761 460 1826 Neminem
472 1780 549 1826 sane
565 1759 707 1846 praterit
718 1780 817 1848 quam
828 1759 867 1825 de
878 1762 1003 1826 Nerone
1020 1781 1204 1848 supremam
1220 1761 1313 1827 ultio-

249 1889 325 1934 nem
350 1865 471 1955 ceperit
495 1868 528 1932 C.
555 1867 739 1933 Petronius.
762 1870 805 1947 ls,
831 1887 933 1955 quum
955 1868 1130 1954 proconsul
1157 1867 1313 1956 Bithynia

249 1974 449 2063 provinciam
478 1973 653 2059 diligenter
678 1982 859 2054 tractasset,
887 1995 992 2061 neque
1022 1973 1055 2039 in
1084 1975 1253 2041 consulatu
1279 1995 1313 2041 se

247 2081 389 2168 negotiis
414 2081 573 2168 imparem
598 2079 810 2160 exhibuisset,
837 2101 913 2146 mox
944 2080 1079 2147 luxuriae
1109 2090 1141 2148 et
1166 2081 1253 2148 vitiis
1278 2103 1312 2148 se

249 2186 524 2275 corrumpendum
547 2185 693 2252 tradidit.
714 2213 730 2247 «
743 2186 790 2252 llli
809 2186 879 2253 dies
900 2209 957 2275 per
972 2207 1137 2269 somnum,
1157 2209 1221 2254 nox
1244 2189 1315 2254 clli-

249 2294 307 2361 ciis
331 2303 362 2359 et
387 2291 633 2359 oblectamentis
657 2292 730 2359 ritae
756 2293 1011 2379 transigebatur,
1039 2304 1139 2382 utque
1163 2295 1244 2361 alios
1267 2295 1315 2360 in-

249 2399 385 2491 dustria,
411 2400 456 2466 ita
481 2399 567 2466 bunc
591 2400 722 2486 ignavia
746 2399 787 2465 ad
810 2399 933 2466 famam
955 2400 1149 2487 protulerat;
1166 2400 1312 2468 habeba-

250 2516 366 2595 turque
391 2527 458 2572 non
486 2527 590 2592 ganeo
622 2516 652 2573 et
678 2505 880 2594 profligator,
912 2506 970 2573 sed
998 2506 1125 2574 erudito
1151 2508 1247 2588 luxn;
1278 2529 1315 2574 ac

251 2614 337 2680 dicta
359 2613 507 2701 factaque
533 2615 603 2700 ejus
625 2623 746 2701 quanto
771 2613 926 2680 solutiora
948 2622 980 2679 et
1007 2614 1184 2702 quamdam
1212 2614 1316 2702 negli-

250 2720 396 2807 gentiam
419 2719 634 2808 praelerentia,
659 2729 749 2785 tanto
776 2721 911 2806 gratius,
938 2719 971 2785 in
995 2720 1135 2808 speciem
1158 2721 1314 2810 simplici-

250 2827 337 2907 tatis,
351 2825 604 2914 aceipiebantur.
615 2852 630 2888 a
643 2830 680 2891 ln
691 2826 963 2892 amicissimorum
980 2827 1144 2893 cohortem
1159 2829 1314 2893 aNerone

250 2942 430 3020 cooptatus,
457 2941 553 3020 atque
579 2932 727 2998 omnium
755 2932 993 2998 munditiarum
1017 2932 1138 2999 arbiter
1161 2943 1193 2999 et
1211 2932 1314 3019 judex

250 3039 336 3127 apud
360 3039 467 3125 ipsum
493 3039 626 3121 electuS,
657 3039 739 3105 adeo
766 3038 870 3125 gratia
896 3040 1008 3119 erevit,
1034 3048 1072 3106 ut
1096 3039 1219 3106 nnllam
1243 3041 1312 3127 jam

248 3145 445 3233 voluptatem
474 3147 624 3234 princeps
652 3145 756 3227 vellet,
791 3145 854 3211 nisi
882 3166 954 3234 quaa
986 3145 1128 3212 Petronii
1158 3146 1315 3232 suffragio

250 3251 455 3342 probaretur.

293 3362 386 3425 Hunc
417 3357 642 3446 pessumdedit
681 3357 803 3424 invidia
835 3357 998 3444 Tigellini,
1025 3359 1171 3426 timentis
1204 3380 1246 3425 ne
1273 3359 1314 3426 ab

249 3465 381 3532 homine
398 3464 541 3532 scientia
556 3463 748 3531 deliciarum
768 3464 965 3552 peritissimo
980 3465 1176 3533 vinceretur.
1200 3468 1233 3533 C.
1255 3468 1315 3532 Pe·

281 3742 302 3789 l.
321 3743 386 3798 Tac,
405 3738 479 3799 itia,
493 3752 525 3799 vi,
540 3739 578 3800 38,
593 3752 642 3799 xiv,
654 3740 692 3788 50.

281 3811 305 3859 t).
323 3809 399 3869 itia,
415 3811 516 3869 xv1,li.

280 3883 303 3929 3.
322 3883 437 3940 Sueten,
452 3880 518 3940 Oct,
535 3881 574 3928 55.
590 3879 626 3927 Cf.
642 3879 717 3939 Cara,
728 3881 766 3928 20.
781 3908 810 3915 -
826 3881 947 3944 ansque
964 3881 984 3930 is
997 3881 1091 3944 jocandi
1105 3895 1178 3944 genus
1194 3881 1255 3944 apud
1271 3884 1316 3932 Ro-

249 3964 333 4001 manos
349 3951 457 4011 invaluit,
474 3953 500 3998 nt
521 3949 647 3999 confictum
663 3951 693 3999 sit
708 3953 792 4000 lovem
808 3951 905 4000 ultimas
917 3966 972 4002 snas
986 3954 1121 4003 uoluntates
1134 3954 1268 4017 scripsisse,
1288 3967 1315 4002 ac

249 4022 394 4072 etiamnunc
409 4023 539 4071 habeamus
554 4021 651 4069 Grunnii
664 4022 729 4084 porci
744 4025 921 4082 testamentum,
937 4037 983 4086 quo
994 4025 1073 4074 nescio
1089 4026 1142 4088 quis
1153 4024 1313 4087 jurisconsul-

249 4096 325 4143 torum
350 4092 434 4143 irrisor
457 4105 538 4143 eorum
562 4091 728 4142 cavillationes
750 4095 775 4142 et
797 4093 959 4156 captiunculas
979 4095 1076 4145 ridicule
1099 4095 1186 4145 imitari
1208 4095 1313 4144 voluisse

248 4164 365 4214 videatur.
384 4164 451 4219 (Vide
464 4163 525 4227 apud
544 4161 700 4224 brissonium,
716 4164 901 4224 DcFormnlis,
917 4179 958 4226 vn,
975 4181 998 4230 p.
1013 4167 1066 4215 6Π.
1083 4167 1119 4216 Cf.
1135 4167 1160 4216 S.
1173 4169 1232 4225 lca,
1249 4166 1314 4215 Con-

250 4237 293 4284 tra
305 4235 438 4299 llrcfinrnn,
450 4250 466 4295 1,
478 4234 527 4296 tt.)
