2916 4934
198 349 247 403 108
458 356 608 412 QUOMODO
631 356 754 403 ROMANI
777 355 1003 403 luruntronus

197 474 274 554 tior,
305 494 339 538 se
364 474 396 538 in
419 492 539 558 magno
558 471 701 559 periculo
718 470 819 537 fuisse
839 471 948 537 animo
968 480 1171 559 conceperat.
1193 473 1264 537 Non

197 589 250 646 est
269 600 346 646 sane
367 578 502 645 dubium
523 579 602 666 quin
623 577 820 659 Hadrianus,
839 577 936 644 homo
950 577 1111 645 versatilis
1126 599 1162 644 ac
1177 578 1264 644 mul-

196 686 312 774 tiplex,
341 710 358 749 c
383 707 527 767 severus,
554 684 657 766 laetus,
684 685 796 766 comis,
819 685 941 771 gravis,
969 684 1123 766 lascivus,
1152 694 1263 767 tenax,

195 792 362 874 liberalis,
392 792 573 873 simulator,
597 812 706 872 verus,
724 812 841 872 saevus,
858 791 1013 873 clemens,
1036 800 1068 857 et
1089 812 1218 879 semper
1232 791 1265 858 in

199 899 357 967 omnihus
384 899 511 967 varius¹
534 926 565 980 »,
588 919 671 986 saepe
693 898 822 964 dicendi
843 898 1021 985 magistris,
1049 897 1263 987 philosophis,

204 1006 426 1095 grammaticis
450 1028 486 1072 ac
511 1006 628 1094 poetis,
650 1025 789 1092 quorum
812 1014 922 1072 tamen
945 1005 1105 1093 praecipue
1124 1025 1263 1071 consue-

197 1114 310 1181 tudine
335 1112 531 1200 gaudehat²,
553 1113 709 1179 molestus
733 1123 829 1201 atque
852 1113 1057 1200 importunus
1074 1111 1184 1194 fuerit,
1203 1132 1260 1179 eos

195 1222 311 1287 acriter
338 1219 593 1308 reprehenderit,
620 1218 864 1308 quaestiunculis
899 1219 1074 1301 obtuderit,
1103 1217 1260 1307 improbis

195 1327 314 1394 laeserit
335 1327 431 1414 jocis,
459 1328 525 1393 imo
551 1347 671 1414 paucos
695 1346 808 1392 eorum
832 1324 984 1392 cathedra
1007 1325 1199 1413 depulerit³.
1218 1325 1261 1392 At

196 1454 404 1522 nequaquam
433 1434 562 1499 credam
591 1433 676 1499 ultra
706 1432 739 1498 in
768 1432 962 1499 litteratores
991 1433 1140 1499 saevitum
1173 1452 1257 1498 esse.

198 1542 298 1607 Nemo
324 1550 373 1606 est
394 1540 582 1627 ceteroquin
603 1561 642 1605 ex
663 1539 807 1606 romanis
826 1538 1026 1627 principibus
1041 1539 1081 1606 de
1096 1559 1160 1627 quo
1176 1538 1261 1605 inter

197 1646 341 1712 historiae
364 1647 537 1734 scriptores
558 1646 667 1712 minus
683 1645 864 1713 conveniat.
885 1646 1013 1712 Etenim
1038 1645 1174 1712 laudant
1194 1647 1260 1711 Ha-

199 1752 349 1820 drianum
364 1752 451 1841 quod
469 1753 554 1820 cives
567 1751 732 1818 moderate
744 1752 903 1834 tractavit,
925 1774 959 1820 se
976 1752 1137 1819 affabilem
1150 1752 1260 1819 omni·
1352 1836 1355 1841 ,

202 1860 264 1926 bus
283 1859 432 1949 praebuit,
451 1881 511 1926 nec
534 1881 618 1946 aegre
637 1861 710 1926 tulit
735 1881 789 1926 eos
817 1859 873 1948 qui
898 1860 1006 1948 ipsum
1028 1860 1256 1941 correxissent,

196 1967 248 2036 vel
272 1988 387 2054 aspera
415 1977 527 2034 contra
554 1988 587 2033 se
618 1966 789 2047 dixissent,
816 1975 925 2055 atque,
956 1988 1057 2056 quum
1083 1966 1259 2055 imperium

198 2073 334 2162 adeptus
368 2084 465 2155 esset,
495 2094 533 2140 ea
560 2094 637 2141 voce
667 2073 836 2140 inimicum
865 2083 914 2140 cst
943 2074 1028 2140 ultro
1060 2073 1219 2140 allocutus
1247 2094 1255 2139 :

196 2179 367 2246 Evusistc'l
389 2180 606 2269 eumdemque
630 2180 825 2267 vituperant,
847 2180 934 2268 quod
955 2179 1189 2269 Apollodorum
1207 2199 1259 2245 ar-

197 2286 383 2368 chitectum,
399 2299 529 2375 propter
542 2289 633 2374 jocos
652 2297 791 2369 vetereS,
810 2286 920 2376 inique
936 2287 1095 2356 necavit‘.
1117 2286 1259 2375 Spartia-

194 2413 257 2459 nus
274 2393 391 2459 tradit⁵
416 2393 616 2459 Hadrianum
636 2402 762 2461 tantum
786 2394 964 2462 clementias
982 2394 1125 2462 studium
1140 2415 1205 2482 prae
1222 2414 1257 2460 se

202 2500 328 2580 tulisse,
347 2509 395 2580 ut,
413 2520 527 2588 quum,
543 2500 603 2566 sub
621 2501 745 2588 primis
765 2500 900 2591 imperii
921 2499 1046 2584 (liobae,
1073 2500 1260 2568 admonitus

199 2615 286 2672 esset
308 2606 453 2672 Baebium
479 2607 541 2694 ipsi
562 2606 698 2673 insidias
728 2617 865 2689 struere,
887 2607 1027 2674 noluerit
1051 2617 1161 2674 tamen
1183 2628 1259 2674 eum

194 2712 297 2801 poenis
321 2713 501 2801 majestatis
526 2712 623 2779 affici.
645 2715 686 2780 At
705 2726 816 2781 contra
837 2715 893 2781 uio
909 2713 1037 2781 Cassius
1060 2723 1171 2781 auctor
1190 2713 1257 2780 est⁶

198 2819 411 2900 Hadrianum,
428 2829 558 2907 propter
572 2820 675 2886 cades
690 2820 848 2887 nobilium
864 2821 1008 2888 virorum
1023 2821 1118 2888 initio
1129 2819 1258 2910 priuci-

189 2937 294 3016 potus
309 2927 501 3007 occisorum,
518 2926 593 2993 odia
607 2927 810 3015 suscepisse!

241 3033 404 3121 Quidquid
423 3032 463 3099 de
487 3033 648 3100 Hadriano
669 3032 827 3122 disputari
846 3044 964 3124 potest,
986 3042 1187 3122 compertum
1209 3041 1260 3101 est

196 3148 307 3206 tamen
332 3139 512 3206 litterarum
536 3140 785 3227 professionem,
808 3163 866 3230 per
888 3151 1017 3208 centum
1044 3161 1148 3207 annos
1174 3161 1258 3229 pene

196 3243 354 3333 integros,
378 3267 397 3312 a
419 3247 550 3334 Trajani
572 3246 730 3335 principio
752 3247 793 3314 ad
814 3248 971 3314 Antonini
985 3246 1167 3336 philosophi
1187 3245 1258 3312 exi-

230 3584 252 3631 1.
272 3582 401 3645 Spartian,
416 3583 556 3643 Hadrian,
574 3584 611 3632 ll.
627 3584 662 3633 Cf.
672 3586 699 3634 A.
711 3585 808 3646 Victor,
822 3585 904 3650 Epit,
921 3588 950 3636 tl
964 3601 970 3635 :
986 3605 998 3631 α
1011 3586 1106 3649 Varius,
1124 3587 1259 3653 multiplex,

194 3651 356 3703 multiformis.
372 3674 384 3699 »

228 3725 252 3773 2.
269 3725 358 3786 Spart,
371 3725 458 3774 AEliuc
475 3726 563 3785 Verus,
578 3727 599 3775 3.

230 3795 253 3842 3.
272 3795 362 3858 Spart,
388 3796 528 3858 Hadrian,
552 3797 581 3844 lt
609 3801 632 3847 et
652 3799 695 3859 203
715 3797 836 3860 Philostr,
859 3797 983 3863 Sophist,
1002 3814 1019 3862 r,
1038 3801 1066 3862 83
1091 3799 1135 3851 Dio
1153 3799 1259 3865 Cassius,

196 3862 249 3914 loco
262 3866 324 3924 cit.,·
335 3867 362 3916 Α.
378 3868 468 3928 Victor,
484 3867 537 3917 loco
552 3868 596 3918 cit.

230 3937 253 3984 4.
273 3938 360 4000 Spart,
374 3938 464 3998 lludr,
482 3942 509 3988 lt
526 3943 549 3989 et
563 3940 607 4000 203
621 3941 648 3988 O.
664 3939 740 4002 Cass,
756 3954 820 4003 xxxx,
835 3941 849 3989 4
864 3944 888 3992 et
899 3941 923 3991 6.

227 4005 250 4055 5.
265 4007 426 4070 Hadrianus,
439 4013 462 4060 5.

230 4076 252 4126 6.
271 4080 298 4127 Ι).
310 4080 384 4141 Cass,
395 4096 458 4136 unx.
475 4081 570 4131 eet23.
587 4082 623 4131 Cl.
637 4084 694 4132 Aur.
708 4082 806 4143 Victor,
817 4084 940 4145 Caecures,
958 4087 999 4147 tl;
1014 4087 1102 4150 Spart,
1115 4085 1257 4151 Hadrian,

198 4148 246 4196 20:
264 4151 372 4200 «Marius
386 4151 502 4202 Maximus
521 4152 575 4201 dicit
591 4166 643 4202 eum
656 4157 739 4203 natrrra
752 4154 871 4204 crudelem
892 4155 975 4218 luisse,
991 4160 1013 4206 et
1028 4157 1114 4208 idcirco
1128 4157 1203 4208 multa
1217 4158 1257 4222 pie

194 4217 288 4282 fecisse,
304 4222 366 4284 quod
379 4223 473 4274 timeret
488 4236 516 4274 ne
536 4222 580 4273 sibi
599 4223 661 4273 idem
676 4224 738 4287 quod
760 4225 891 4279 Domitiano
908 4227 1001 4290 accidit,
1017 4229 1129 4280 eveniret.
1146 4247 1158 4275 x
