2916 4934
488 383 741 437 uontntuusouu
764 383 960 432 LlTl'liRthS·
1221 381 1252 433 bl

190 505 338 593 ponium,
361 501 563 570 consularem
584 498 703 582 virum,
722 509 753 566 et
768 497 907 567 feminas
924 500 1020 588 primi
1040 501 1163 569 ordinis
1184 505 1256 571 rul-

189 633 251 699 gus
267 610 455 677 maledictas
471 607 625 696 jecerat¹.

236 716 396 797 Quamdiu
413 718 534 783 Seneca
559 711 738 802 plurimum
765 713 966 782 auctoritatis
990 716 1076 805 apud
1093 720 1251 787 Neronem

190 825 362 906 retinebat,
387 824 420 889 in
444 822 561 890 theatri
580 820 737 887 factiones
757 843 872 909 aspero
897 843 986 889 more
1009 827 1252 912 consulebatur,

190 931 345 1020 relegatis
359 930 554 998 histrionum
575 927 769 1011 fautoribus,
793 950 829 996 ac
856 929 1013 998 militibus
1038 932 1080 998 ad
1107 954 1254 1002 severam

192 1039 373 1108 custodiam
406 1036 574 1117 adhibitis,
611 1057 651 1101 xre
682 1035 774 1123 plebs
797 1036 984 1104 effrenatius
1015 1039 1049 1104 in
1077 1042 1254 1110 tumultum

191 1148 305 1215 abiret.
321 1145 381 1214 Ubi
398 1166 475 1214 vero
497 1143 648 1232 princeps
672 1143 754 1209 nihil
774 1143 940 1233 antiquius
956 1145 1068 1214 habuit
1091 1169 1189 1236 quam
1216 1160 1253 1218 ut

191 1266 292 1323 artem
312 1253 472 1321 ludicram
492 1252 560 1340 ipse
576 1259 754 1332 exerceret,
771 1261 867 1340 atque
892 1253 1062 1320 Herculem
1079 1253 1252 1339 furiosum,

192 1361 390 1452 OEdipodem
413 1359 573 1441 exsulem,
596 1360 742 1426 Orestem
761 1358 979 1443 matricidam,
1007 1363 1156 1430 Carracen
1178 1387 1254 1454 par-

192 1471 398 1552 turientem',
416 1465 599 1557 spectaculo
616 1467 724 1549 datus,
737 1477 861 1553 ageret,
879 1469 1099 1537 comoedorum
1115 1482 1145 1538 et
1161 1494 1254 1562 spec-

192 1578 331 1645 tantium
355 1575 520 1643 licentiam
551 1574 681 1662 reliquit
704 1573 853 1641 inultam.
883 1578 951 1642 lmo
977 1598 1055 1644 vero
1080 1580 1255 1647 Suetonius

193 1695 314 1767 narrat,
336 1683 423 1773 quod
440 1683 492 1750 rix
508 1667 714 1764 crediderim,
740 1703 841 1769 quum
857 1682 888 1748 in
907 1683 1065 1750 theatro«
1084 1685 1124 1751 ad
1138 1707 1256 1753 manus

193 1803 325 1862 ventum
349 1799 448 1871 esset,
465 1788 627 1877 lapidibus
648 1798 680 1854 et
705 1788 933 1856 subselliorum
957 1789 1176 1877 fragminibus
1197 1794 1256 1860 de-

193 1910 392 1980 cerneretur,
418 1897 520 1964 multa
547 1906 579 1963 et
607 1896 713 1984 ipsum
740 1896 861 1982 jecisse
888 1896 922 1962 in
956 1898 1124 1985 populum,
1158 1910 1256 1990 atque

194 2008 291 2076 etiam
323 2015 418 2094 caput
441 2004 586 2093 praetoris
614 2002 888 2070 consauciavisse.
912 2030 927 2064 n
959 2010 1107 2094 Impune,
1140 2009 1256 2095 spretis

193 2113 452 2203 magistratibus,
473 2111 648 2178 histriones
665 2119 696 2176 et
711 2109 831 2196 aurigae
852 2110 966 2178 urbem
982 2112 1177 2180 factionibus
1193 2114 1256 2181 im-

193 2222 337 2312 plebant,
355 2221 471 2302 donec,
489 2219 646 2306 gliscente
663 2217 838 2300 discordia,
861 2229 892 2285 ct
917 2220 1075 2306 gravioris
1097 2223 1256 2290 tumultus

194 2339 296 2412 metu,
314 2349 379 2395 nou
394 2326 483 2393 aliud
498 2337 587 2393 tanto
602 2326 688 2392 malo
703 2326 883 2392 remedium
898 2337 1062 2415 repertum
1079 2339 1140 2412 est,
1159 2352 1256 2419 quam

193 2447 229 2505 ut
243 2435 417 2503 histriones
431 2432 739 2501 incontinentissimi
758 2455 870 2500 rursus
889 2434 978 2501 ltalia
998 2448 1254 2523 removerentur,

194 2545 313 2612 milites
335 2544 454 2610 arctius
481 2542 515 2607 in
534 2541 659 2607 theatro
681 2540 835 2608 excubias
853 2553 1002 2629 agerent,
1022 2565 1058 2610 ac
1078 2555 1195 2633 praetor
1217 2547 1257 2613 iis

195 2653 251 2741 qui
266 2650 486 2717 comoedorum
502 2647 648 2736 partibus
663 2647 816 2715 favebant
831 2647 864 2714 in
879 2649 1007 2716 vincula
1023 2649 1187 2719 ducerct³.

239 2757 349 2839 Galba,
375 2756 432 2822 ubi
457 2757 598 2845 primum
626 2755 751 2843 imperii
774 2777 905 2844 compos
929 2756 1033 2823 lactus
1060 2767 1119 2839 est,
1149 2759 1256 2827 statim

194 2865 456 2954 disquisitionem
472 2863 611 2930 instituit
634 2862 674 2928 de
697 2861 737 2930 iis
755 2863 891 2929 scenicis
907 2862 1063 2951 quidone
1085 2887 1125 2932 ex
1145 2869 1257 2934 aerario

196 2974 256 3042 sub
285 2975 409 3041 Nerone
435 2971 607 3059 cepissent,
636 2969 733 3058 idque
757 2991 855 3036 causa
879 2969 940 3036 fnit
959 2992 1016 3037 cnr
1038 2973 1125 3060 vulgi
1146 2975 1256 3041 odium

196 3083 229 3148 in
250 3102 283 3148 se
309 3079 515 3146 concitarett.
542 3078 742 3144 Domitianus
768 3077 979 3145 histrionibus
1009 3101 1106 3146 scena
1129 3081 1259 3168 publica

196 3186 376 3266 interdixit,
407 3186 498 3273 copia
537 3194 646 3252 tamen
676 3184 759 3251 sacta
788 3195 824 3250 ut
856 3185 940 3251 intra
970 3186 1112 3273 privatas
1143 3187 1257 3254 domos

196 3304 384 3362 exercerent
399 3292 558 3359 tabutest.
575 3295 619 3359 Ne
639 3293 773 3380 longum
796 3292 848 3374 sit,
871 3293 1122 3381 imperatoribus
1145 3295 1258 3362 crebro

196 3403 235 3470 de
251 3401 367 3470 theatri
392 3400 539 3467 libertate
556 3400 738 3467 consultum
761 3409 822 3481 est,
843 3399 997 3467 comoedis
1020 3400 1117 3466 modo
1133 3402 1256 3487 ejectis,

197 3511 294 3577 modo
310 3509 343 3575 in
359 3530 490 3576 scenam
505 3509 663 3575 revocatis
674 3507 698 3573 ⁶.

229 3647 251 3692 l.
269 3645 332 3702 Tac,
349 3641 472 3704 lbid.,x1,
490 3642 526 3690 13.

228 3717 251 3763 2.
270 3715 345 3772 Quum
365 3712 460 3776 quidam
482 3712 617 3775 qrraeritaret
633 3712 696 3774 quod
715 3711 835 3774 negotium
855 3714 911 3761 tunc
932 3714 1012 3774 ageret
1030 3711 1165 3775 imperator,
1184 3712 1260 3763 tacete

197 3800 337 3851 responsum
353 3788 407 3834 est:
424 3807 434 3827 ιι
449 3785 557 3834 Partnrit.
571 3804 582 3826 n
599 3787 636 3846 tlt.
652 3786 727 3845 Cass,
744 3798 808 3845 xxm,
824 3784 858 3845 9,)

229 3861 251 3907 3.
270 3857 354 3916 Tacit,
369 3858 447 3917 Aac,
468 3871 518 3917 xm,
535 3859 573 3916 al,
589 3857 618 3904 25
634 3861 657 3906 et
669 3857 713 3917 283
729 3857 805 3917 Suet,
821 3858 896 3917 Nero,
913 3855 949 3915 lb,
965 3857 993 3904 21
1011 3859 1034 3905 et
1049 3856 1090 3916 26;
1108 3858 1135 3906 l).
1156 3857 1260 3920 Cassius,

198 3929 414 3990 ax1,8.Cl.Tac.,
434 3928 509 3987 totu,
529 3942 577 3987 xrv,
596 3929 625 3976 lb
645 3931 668 3976 et
682 3929 724 3987 at;
744 3931 795 3987 xri,
816 3930 858 3987 2¹3
875 3929 901 3975 l).
916 3927 991 3987 Cass,
1016 3942 1080 3988 xxm,
1103 3931 1130 3989 93
1155 3928 1261 3991 lucian,

199 3999 277 4062 Sata,
291 4003 318 4060 93
335 4003 379 4049 etc.

229 4077 251 4123 l.
269 4071 343 4131 Plut,
360 4069 453 4131 Galba,
472 4072 507 4121 lli.

230 4148 252 4194 5.
272 4146 379 4203 Sueten,
395 4144 500 4203 Dornit,
516 4144 539 4191 i.

230 4219 252 4265 6.
271 4215 341 4275 Plin,
356 4215 417 4262 Pon.
434 4215 515 4278 Traj,
532 4218 575 4275 46;
597 4215 672 4276 Suet,
694 4213 824 4279 Calipnlu,
839 4215 881 4277 ar;
901 4215 987 4279 Capit,
1005 4215 1100 4264 rlnton.
1121 4215 1199 4277 Part,
1217 4220 1261 4278 ll;

200 4283 328 4349 lamprid,
346 4283 453 4345 Comen,
469 4285 492 4334 3.
