2916 4934
215 397 249 451 84
474 403 623 458 QUOMODO
646 402 771 450 ROMth
795 401 1019 449 luruaaroaus

213 520 270 586 diu
284 519 518 608 rempublicam
536 518 671 586 feliciter
686 517 802 605 gessit,
815 516 918 583 donec
931 513 1045 582 morbo
1060 524 1227 603 correptus
1246 525 1278 583 et

209 637 319 694 mente
346 647 429 716 pene
455 626 601 716 captus¹‚
624 626 656 692 in
679 646 774 692 omne
795 624 1046 691 deliramentum
1060 622 1176 689 abiret.
1194 621 1277 702 Quid

209 734 296 801 enim
321 735 390 801 sani
407 751 446 801 ex
469 755 506 801 eo
523 755 634 823 speres
657 733 766 822 quise
787 753 861 799 eum
882 735 972 798 Luna
998 751 1066 797 rem
1086 728 1219 811 hahere,
1241 751 1276 796 se

206 843 319 909 Jovem
349 862 420 908 esse
445 841 496 908 vel
523 844 685 909 iunonem
712 839 879 922 credebat,
908 838 1020 906 habitu
1047 858 1190 927 quoque,
1217 858 1276 926 pro

206 969 304 1016 sexus
316 947 514 1031 conditione,
532 959 669 1032 mutato,
685 969 721 1016 ac
741 948 820 1016 coelo
835 946 1059 1030 succensebat,
1075 946 1102 1012 si
1115 944 1183 1012 suis
1196 966 1277 1034 pan-

207 1052 1276 1146 tominrisobstrepehat¹.Saevitiaemoxomnideditus,nullumju-

208 1162 286 1230 dicii
300 1163 433 1231 modum
451 1186 557 1254 neque
572 1164 672 1232 ritum
687 1164 820 1246 hahuit;
838 1163 924 1232 cives
946 1162 1044 1230 etiam
1062 1161 1165 1229 claros
1179 1160 1274 1228 dam-

206 1271 296 1338 narit
311 1270 352 1338 ad
367 1271 502 1354 hostias,
520 1272 609 1340 misit
624 1271 665 1338 ad
679 1272 822 1354 metalla,
840 1293 939 1340 cavea
952 1268 1106 1352 coercuit,
1121 1268 1272 1356 stigmate

205 1378 341 1461 notavit,
365 1378 491 1447 medios
511 1402 598 1447 serra
614 1380 753 1469 partitus
776 1379 859 1462 est³,
877 1400 948 1468 quac
964 1377 1197 1466 suppliciorum
1212 1397 1273 1464 gc·

206 1505 297 1567 nera,
311 1486 360 1553 vel
373 1486 551 1575 majoribus
564 1488 676 1574 ignota
687 1497 790 1570 erant,
803 1487 852 1556 vel
866 1486 1012 1554 scelestis
1027 1484 1225 1553 reservata&

249 1592 435 1660 Carinatem
464 1593 663 1678 Secundum,
690 1594 866 1676 rhetorem,
896 1614 961 1661 non
983 1592 1045 1659 alia
1065 1591 1104 1658 de
1125 1612 1222 1659 causa
1237 1591 1271 1658 in

206 1702 360 1770 exsilium
384 1702 520 1793 pepulit,
547 1725 645 1792 quam
669 1702 755 1792 quod
780 1712 891 1769 contra
916 1713 1090 1791 tyrorum,
1120 1711 1155 1767 ut
1184 1699 1270 1788 apud

204 1810 414 1878 scholasticos
469 1820 648 1899 receptum,
690 1810 935 1877 declamasseth
971 1809 1126 1876 Atellanae
1158 1817 1270 1875 auctor

201 1917 236 1982 in
280 1917 389 1985 medio
419 1918 668 2007 amphitheatro,
702 1928 832 2007 propter
865 1915 1038 2003 ambiguos
1058 1916 1162 2003 jocos,
1198 1936 1269 1983 cre-

203 2034 311 2092 matus
337 2025 417 2092 est⁶.
453 2025 574 2094 Occidit
607 2026 701 2092 Caius
725 2035 756 2092 et
787 2025 907 2093 lulium
932 2026 1067 2106 Canum,
1094 2045 1133 2090 cx
1159 2022 1269 2090 stoicis

202 2133 417 2222 philosophie,
443 2156 507 2223 quo
532 2133 655 2217 nullus,
680 2145 716 2201 ut
739 2136 861 2201 Seneca
879 2132 989 2214 refert,
1017 2130 1141 2198 diutior
1156 2129 1268 2220 phil-

201 2240 362 2330 sophatus
378 2252 440 2322 ect;
460 2263 562 2330 quum
578 2241 666 2309 enim
685 2240 725 2308 ad
742 2240 934 2330 supplicium
952 2239 1138 2322 duceretur,
1160 2266 1176 2300 o
1194 2239 1268 2328 quis

202 2358 287 2415 esset
301 2358 373 2437 post
388 2360 526 2416 mortem
543 2349 727 2418 animarum
742 2359 845 2416 status
861 2374 877 2412 n
896 2369 970 2415 cum
985 2346 1144 2414 Antiocho
1158 2346 1268 2414 Seleu-

199 2455 303 2522 ciensi
328 2477 498 2524 sermones
525 2456 746 2524 conferebat⁷.
773 2457 915 2523 Annaeus
944 2455 1011 2543 ipse
1037 2457 1160 2522 Seneca
1182 2475 1266 2542 pene

200 2562 335 2647 interiit,
371 2585 436 2631 non
463 2565 528 2631 ullo
554 2586 612 2631 suo
636 2574 779 2654 peccato,
808 2564 864 2631 sed
898 2562 985 2652 quod
1009 2583 1154 2644 causam,
1180 2561 1267 2650 apud

200 2682 380 2753 senatores,
395 2693 505 2739 coram
521 2673 593 2738 Caio
610 2674 744 2754 Caesare,
770 2669 972 2760 splendidius
989 2669 1142 2758 egissetl.
1157 2670 1268 2736 Domi-

199 2779 264 2846 tius
292 2778 371 2846 Afer
399 2781 643 2861 Nemausensis,
677 2779 762 2846 inter
794 2800 832 2845 ea
860 2788 1006 2867 tempora
1035 2777 1268 2844 celeberrimus

200 2895 321 2969 orator,
343 2887 486 2975 periculo
502 2887 682 2976 proximus,
698 2885 889 2953 mirabiliter
902 2885 1016 2952 erasit.
1034 2887 1137 2965 Quum
1155 2884 1263 2967 Caius,

199 2993 255 3082 qui
268 3015 302 3060 se
313 3015 469 3082 magnum
485 3016 557 3062 esse
578 3005 739 3063 oratorem
755 3015 949 3083 persuasum
965 2992 1116 3074 habebat,
1130 2992 1265 3079 longam

199 3101 355 3169 adversus
366 3103 538 3171 Domitium
549 3103 787 3170 accusationem
797 3103 958 3184 recitaret,
971 3100 1036 3183 ille,
1048 3100 1179 3168 intanto
1192 3101 1263 3168 vitae
1365 3125 1368 3133 ’

231 3309 253 3358 l.
272 3308 349 3370 Suet,
368 3308 500 3373 Cotipula,
520 3310 548 3358 ll
564 3312 586 3359 et
607 3311 645 3358 51.
662 3308 697 3357 Cf.
712 3309 763 3357 22:
783 3327 794 3352 o
812 3310 929 3358 Hactenus
945 3307 973 3358 de
990 3307 1109 3372 principc3
1129 3306 1219 3372 reliqua
1240 3312 1267 3359 ut

199 3379 227 3430 de
240 3384 346 3431 monstro
357 3381 470 3430 narranda
481 3385 543 3430 srmt.
559 3400 571 3425 u

229 3453 251 3500 2.
271 3453 346 3513 Suet,
371 3453 462 3516 Outtp,
479 3454 522 3514 22;
540 3453 669 3517 Josephus,
694 3453 784 3517 Aoth.
807 3452 883 3517 jud,
908 3467 958 3513 mx,
983 3456 1009 3514 i;
1036 3454 1135 3514 Seuera,
1155 3452 1191 3502 Dc
1208 3452 1263 3515 irc,

198 3535 214 3583 ¹³
228 3524 345 3656 Oi’siiect,
362 3595 439 3657 idid,
454 3597 483 3645 Ξῖ
499 3609 551 3659 sqq.
564 3599 636 3661 et49;
647 3600 674 3647 D.
688 3599 763 3658 Cass,
781 3611 828 3658 nx,
842 3599 879 3659 tt,
893 3597 928 3659 18,
941 3598 970 3646 22
983 3601 1006 3648 et
1021 3596 1265 3661 26;scneca‚1oid.,

197 3678 230 3726 rn,
246 3667 331 3727 18-20;
347 3665 588 3729 OeBeues.,1v‚3i.

227 3740 250 3786 4.
268 3736 319 3787 Tali
340 3737 443 3800 denique
465 3737 563 3802 imperio
585 3739 665 3789 traditi
680 3743 736 3789 sunt
757 3739 863 3801 Romani,
885 3743 911 3790 nt
927 3740 1014 3791 Tiberii
1034 3744 1094 3800 acta,
1110 3741 1264 3805 quantumvis

196 3808 247 3858 risa
271 3812 351 3858 essent
370 3809 548 3869 molestissima,
563 3814 643 3861 tamen
663 3810 803 3873 aCaligula
825 3811 969 3862 facinoribus
991 3816 1056 3863 tanto
1072 3812 1197 3863 intervallo
1213 3813 1264 3863 dis-

196 3880 329 3977 crepapant,
354 3884 441 3945 quanto
462 3883 583 3945 Augustus
605 3881 698 3932 Tiberio
721 3882 805 3933 metior
828 3883 923 3933 liabitas
945 3888 1017 3934 esset.
1040 3884 1108 3949 (Vide
1130 3887 1157 3934 D.
1182 3885 1262 3946 Cass,

195 3965 248 4072 mii.
263 3951 296 4072 lii
313 4025 388 4084 Cass,
404 4039 452 4085 nix,
463 4026 501 4074 20.

224 4095 247 4142 6.
265 4095 373 4154 Sueton,
387 4095 479 4159 Caliga,
492 4096 530 4146 ti.

221 4167 245 4214 Ἰ.
264 4165 360 4286 {preca
381 4167 417 4214 Dc
438 4167 533 4230 tranq.
554 4167 644 4229 caiani,
667 4169 704 4218 ll.
728 4168 763 4218 Cf.
788 4168 860 4232 Plut,
881 4171 943 4235 apud
966 4171 1078 4237 syncell,
1102 4170 1208 4235 coron,
1233 4173 1263 4225 ad

192 4249 248 4358 aad:
264 4274 386 4372 tricass,
398 4323 446 4372 rur,
464 4312 501 4362 19.
