2916 4934
193 332 225 383 l'e
574 340 612 386 ab
635 338 871 385 SCRlPTORlBUS

193 475 211 520 a
233 453 366 519 Caesaris
387 452 556 519 dominatu
588 453 769 540 sejunctam
794 473 830 517 ac
850 451 1002 532 solutam,
1029 472 1048 517 a
1076 472 1139 539 qua
1159 473 1256 518 nemo

193 581 269 627 eum
299 558 470 625 deturbare
499 559 617 626 valeat.
642 558 777 647 Epicteti
805 557 919 640 libelli,
951 558 1006 646 qui
1034 556 1255 624 Encbiridion

192 665 392 746 inscribitur,
415 665 489 731 finis
514 665 581 732 fere
597 675 684 732 totus
707 666 738 731 in
765 686 803 731 eo
819 675 880 745 est,
896 675 933 731 ut
948 664 1095 731 animum
1107 673 1257 731 nostrum

194 775 226 839 in
241 774 325 839 hanc
345 772 526 839 naturalem
543 772 727 838 libertatem
744 771 961 853 vindicemus,
987 770 1029 837 ad
1049 792 1148 860 quam
1163 793 1182 837 a
1195 773 1258 837 Deo

193 890 326 968 parente
343 888 374 946 et
386 887 517 945 auctore
532 888 643 945 nostro
659 877 735 944 lacti
755 899 882 955 sumus,
902 877 1157 968 necquidquam
1173 877 1258 944 ultra

193 985 440 1053 formidemus¹.

238 1096 312 1158 Haec
327 1102 437 1158 autem
450 1103 607 1181 quantum
621 1093 783 1158 Caesarum
799 1091 950 1178 potentia
964 1090 1171 1179 refragentur
1186 1091 1260 1181 quis

193 1221 258 1266 non
289 1198 421 1266 videat?
449 1198 542 1265 Haud
568 1198 746 1264 diffitemur
766 1197 897 1287 quidem
928 1199 1098 1286 plerosque
1127 1199 1259 1279 stoicos,

193 1306 353 1395 praecipue
376 1327 544 1387 romanos,
571 1326 636 1371 non
657 1305 703 1371 sic
722 1315 914 1392 arroganter
929 1324 988 1372 sun
1007 1305 1124 1394 placita
1143 1326 1262 1394 propo-

196 1413 312 1492 suisse,
334 1411 404 1493 scd,
423 1433 481 1499 pro
501 1422 685 1500 temporum
701 1411 907 1493 necessitate,
927 1422 1184 1500 temperamento
1201 1412 1262 1477 mi-

195 1520 330 1606 tigasse,
353 1540 394 1584 ne
411 1519 593 1606 potentium
617 1540 712 1585 aures
728 1528 927 1606 asperarent.
954 1521 998 1584 Ea
1017 1529 1139 1600 tamen,
1162 1518 1262 1584 velint

195 1626 311 1709 nolint,
329 1625 436 1692 stoioae
452 1624 629 1712 disciplina
650 1635 826 1692 sectatores
842 1627 1021 1692 asseruisse
1044 1636 1167 1693 certum
1193 1634 1259 1706 est3

196 1753 303 1821 neque
333 1731 420 1798 bono
451 1732 560 1798 animo
591 1732 754 1820 principes
779 1733 898 1799 intueri
927 1753 983 1799 eos
1013 1742 1173 1821 poterant,
1205 1731 1262 1820 qui

197 1839 337 1904 alienum
350 1859 368 1903 a
381 1839 543 1904 Caesarum
559 1837 750 1905 auctoritato
766 1838 938 1926 imperium
952 1839 985 1904 in
999 1859 1033 1906 se
1047 1838 1126 1926 ipsis
1140 1837 1262 1904 babere

197 1944 437 2034 profiterentur.

241 2054 400 2118 Praeterea
417 2051 522 2133 stoici,
545 2072 579 2118 se
597 2063 689 2118 extra
704 2050 842 2118 fortunar
864 2052 948 2118 ictus
963 2051 1098 2140 positos,
1119 2074 1155 2118 ac
1177 2062 1265 2119 tutos

198 2180 216 2224 a
239 2159 382 2245 cujusvis
404 2157 536 2245 injurio,
566 2179 672 2246 neque
698 2157 822 2246 aliquid
849 2157 888 2225 de
914 2180 973 2224 sua
995 2158 1143 2225 libertate
1166 2158 1265 2224 dimi-

198 2265 254 2331 nui
271 2286 366 2352 posse
392 2263 584 2345 credebant3
605 2265 789 2352 principum
814 2286 880 2331 non
905 2265 1031 2333 favores
1056 2265 1263 2354 appetebant,

197 2391 303 2460 neque
314 2371 473 2437 timebant
485 2371 567 2452 iras,
585 2372 673 2438 nulla
686 2371 786 2459 igitur
799 2373 830 2440 vi
845 2393 1009 2439 armorum
1027 2383 1081 2439 acrt
1095 2394 1264 2461 poenarum

198 2474 372 2544 formidine
389 2477 461 2565 cogi
472 2487 622 2566 poterant
634 2488 670 2545 ut
680 2478 913 2566 imperatorum
930 2480 1085 2546 voluntati
1098 2479 1264 2546 cederent.

199 2584 379 2651 Recordare
401 2585 434 2650 id
455 2585 609 2651 Demetrii
634 2585 675 2650 ad
694 2587 856 2652 Neronem
889 2586 1011 2652 dictum
1040 2609 1046 2653 :
1078 2613 1095 2649 u
1114 2589 1162 2653 Tu
1187 2587 1267 2653 mihi

199 2701 337 2758 mortem
369 2692 518 2772 minaris,
560 2691 619 2758 tibi
649 2694 803 2773 natura²;
820 2719 835 2753 u
856 2693 1001 2782 illudque
1026 2693 1067 2759 ad
1090 2693 1268 2780 Caligulam

200 2797 356 2886 supplicia
386 2798 593 2864 minitantem
628 2797 788 2865 Theodori
822 2799 1008 2887 philosophi
1037 2821 1265 2888 responsum:

203 2932 218 2964 «
233 2904 340 2971 Habes
354 2926 412 2970 cur
423 2904 483 2970 tibi
494 2905 641 2992 placeas3
656 2905 789 2972 hemina
805 2906 977 2993 sanguinis
995 2906 1094 2973 intua
1108 2916 1267 2995 potestate

201 3011 289 3078 est³l
307 3036 324 3074 n
350 3014 444 3100 Isque
470 3011 510 3078 ab
535 3011 678 3100 llpictcto
702 3011 842 3078 refertor
866 3012 1004 3080 Helvidii
1026 3023 1059 3080 et
1077 3013 1267 3100 Vespasiani

201 3118 351 3204 dialogus
370 3139 377 3182 :
401 3144 415 3176 «
432 3119 477 3184 Ne
492 3117 665 3204 ingredere
681 3117 715 3184 in
737 3119 873 3184 curiam.
890 3121 990 3186 —Te
1013 3140 1114 3208 penes
1134 3140 1268 3185 menon

201 3246 275 3292 esse
292 3234 494 3306 senatorem3
512 3223 570 3290 sed
586 3224 744 3312 quamdiu
760 3245 822 3312 ego
838 3246 925 3308 sum,
945 3247 997 3291 me
1014 3226 1047 3291 in
1068 3226 1192 3292 curiam
1219 3225 1268 3291 in-

201 3331 294 3418 gredi
307 3352 441 3397 necesse
458 3341 518 3397 est.
535 3369 580 3381 -
597 3330 772 3419 Ingredere
795 3332 906 3418 igitur,
933 3332 991 3399 scd
1016 3342 1132 3399 laceto
1158 3370 1203 3381 -
1223 3334 1269 3398 Ne

200 3459 253 3504 me
283 3458 364 3522 roga
391 3438 599 3504 sententiam.
621 3442 809 3526 —Rogare
837 3438 952 3506 debeo.
974 3442 1077 3505 -Et
1104 3460 1166 3526 ego
1189 3438 1269 3526 quid

202 3543 340 3611 sentiam
368 3545 536 3611 enuntiare
562 3544 677 3613 debeo.
694 3584 739 3595 -
761 3547 802 3612 lc
828 3546 856 3613 si
879 3546 1111 3626 enuntiaveris,
1134 3556 1164 3612 te
1185 3544 1269 3611 mori

198 3650 335 3738 jubebo.
356 3652 585 3740 —Numquid
607 3673 754 3741 unquam
775 3652 841 3718 dixi
866 3653 925 3719 tibi
951 3675 1003 3719 me
1037 3673 1109 3742 esse
1134 3653 1270 3718 immor-

202 3757 348 3823 talem⁸l
366 3785 382 3820 »

236 3997 258 4044 l.
277 3995 394 4058 simplic,
408 3997 560 4056 Coronant,
576 3998 665 4060 Penes„
679 3999 702 4045 2.

236 4067 257 4114 2.
277 4067 387 4127 Epictet,
405 4068 524 4130 Discern,
540 4084 556 4129 1,
573 4070 611 4117 25.

239 4137 261 4185 3.
281 4137 377 4197 Seneca,
392 4139 428 4186 De
443 4140 536 4203 Tranq.
550 4139 641 4199 unioni,
657 4141 694 4187 tl.

237 4209 258 4256 l.
279 4207 389 4271 Epictet,
406 4209 525 4271 Dicaert„
541 4226 557 4272 1,
571 4212 593 4260 2.
608 4210 643 4259 Cf.
658 4224 682 4269 11,
697 4212 724 4270 ὃς
747 4225 779 4270 iv,
795 4212 822 4272 l3
837 4214 883 4260 etc.
