2916 4934
196 335 230 388 92
409 358 410 361 ’
456 342 605 397 QUOMODO
630 342 755 390 ROMle
778 339 1003 390 turbamenta

196 459 328 528 urbanae
355 459 544 542 dicacitatis,
572 470 604 527 et
630 460 685 549 qui
709 457 919 526 scribentium
945 456 1157 525 contumelias
1182 456 1258 545 joco

196 567 382 650 retundere,
422 589 519 657 quom
558 567 662 656 poenis
701 566 815 634 ulcisci
852 566 975 633 mallet.
1017 564 1260 633 Causidieorum

192 675 332 764 figurae,
349 687 521 766 σκώμματα
541 683 572 741 et
592 674 722 764 obliqua
735 674 831 756 dicta,
844 683 1013 762 poetarum
1024 672 1259 762 epigrammata

194 792 308 870 argute
332 782 570 871 repungebat¹.
597 786 761 851 blaternas
791 782 948 870 tragicus,
973 783 1007 849 in
1032 802 1091 849 suo
1119 784 1257 864 Corone,

193 911 306 959 versus
333 891 523 959 recitaverat
556 891 611 981 qui
638 891 876 979 Vespasianum
909 889 1130 979 perstringere
1167 887 1259 958 vide-

193 995 351 1080 bantur²3
368 997 449 1064 nihil
461 1008 570 1065 tamen
591 999 667 1065 inde
682 997 791 1065 damni
808 997 903 1087 cepit.
925 997 958 1064 Si
972 996 1203 1066 verolamosos
1219 997 1259 1063 dc

195 1125 228 1170 se
239 1103 365 1172 libellos
377 1105 410 1171 in
421 1107 536 1194 vulgus
553 1107 674 1195 spargi,
688 1105 924 1194 velparietibus
935 1105 1054 1195 apponi
1065 1104 1258 1186 audivisset,

195 1211 276 1299 ipse,
299 1213 368 1279 sine
393 1213 440 1279 ira
465 1223 496 1281 et
518 1214 709 1296 offensione,
734 1212 790 1280 sed
811 1213 895 1281 civili
917 1213 1026 1280 animo
1048 1221 1080 1279 et
1100 1211 1258 1299 benigno,

195 1319 257 1385 alia
278 1320 512 1407 proscribebat,
534 1322 654 1410 qrribus
674 1321 714 1388 de
736 1321 804 1388 suis
828 1319 908 1387 aclis
928 1320 969 1388 ad
992 1320 1147 1408 populum
1174 1318 1226 1385 rel
1244 1359 1260 1369 -

195 1425 298 1507 rebat,
333 1448 369 1493 ac
402 1428 593 1496 ostendebat
627 1438 786 1518 quantum
820 1427 967 1495 utilitatis
1007 1449 1047 1494 ex
1077 1426 1261 1515 principatu

195 1532 379 1622 respublica
395 1536 604 1624 accepisset³.
626 1538 768 1625 Denique
790 1557 904 1602 omnes
924 1535 1040 1602 sercin
1062 1555 1100 1601 eo
1124 1554 1261 1602 censen-

195 1639 318 1708 tiebant
344 1664 351 1709 :
379 1643 504 1710 nullum
542 1643 644 1711 fuisse
681 1665 854 1711 romanum
888 1643 1078 1732 principem,
1110 1640 1170 1709 sub
1194 1662 1260 1730 quo

194 1748 350 1838 loquendi
366 1751 415 1818 vel
431 1750 594 1818 scribendi
609 1752 745 1840 amplior
759 1751 892 1819 libertas
912 1750 996 1818 facta
1016 1750 1133 1817 essetl.

240 1857 322 1936 Quid
351 1868 498 1947 asterga
524 1881 581 1926 cur
604 1860 836 1948 Vespasianus,
854 1880 956 1948 quum
984 1858 1011 1925 is
1045 1866 1131 1924 esset
1155 1878 1254 1946 quem

196 1962 350 2047 diximus,
380 1967 587 2056 philosophos
632 1989 757 2048 omnes,
792 1975 908 2056 praeter
938 1966 1134 2047 Musonium,
1166 1964 1260 2032 ltalia

158 2118 161 2125 ·
196 2072 376 2160 pepulerit?
404 2076 594 2163 Quanquam
620 2097 673 2142 res
701 2074 900 2142 subobscura
927 2084 975 2140 est
1003 2082 1145 2140 attamen
1171 2070 1260 2138 haud

196 2187 317 2246 temere
340 2180 487 2264 arbitror,
512 2183 666 2250 Suetonio
688 2181 820 2272 quidem
844 2191 875 2248 et
896 2181 995 2248 Dione
1014 2179 1122 2248 Cassio
1150 2188 1261 2246 aucto-

196 2285 298 2368 ribus,
316 2288 493 2377 principem
509 2310 546 2355 eo
562 2290 658 2356 modo
675 2289 851 2357 adductum
867 2310 938 2356 esse
954 2298 990 2356 ut
1006 2287 1173 2376 sapientia
1188 2307 1261 2376 pro-

196 2394 337 2462 fessores
351 2395 492 2484 ejiceret.

240 2503 315 2568 Post
334 2505 495 2570 Neronem
513 2526 674 2586 eversum,
693 2504 824 2594 quidam
848 2527 888 2571 ex
908 2504 1008 2571 stoico
1029 2525 1129 2591 grege
1147 2524 1260 2592 spera-

194 2619 307 2676 verant
333 2609 400 2676 fore
429 2621 465 2678 ut
491 2612 644 2701 antiquus
674 2612 857 2701 reipublicae
885 2621 987 2679 status
1016 2611 1257 2678 restitueretur.

195 2716 328 2796 Quando
352 2717 452 2805 igitur
475 2720 706 2807 Vespasianus,
733 2720 859 2787 Vitellio
885 2719 925 2786 ab
950 2719 1134 2786 antonianis
1155 2718 1259 2807 copiis

195 2822 333 2906 devicto,
351 2847 388 2891 ex
403 2826 530 2893 Oriente
547 2828 580 2894 in
597 2828 721 2894 ltaliam
734 2846 906 2914 regressus
923 2835 983 2908 est,
1001 2829 1109 2893 Roma
1125 2826 1258 2909 stoicos

194 2931 432 3021 nonnullosque
462 2955 501 3000 ex
530 2933 727 3022 primoribus
760 2933 897 3002 civitatis
927 2933 984 3022 qui
1014 2932 1190 3000 stoicorum
1221 2954 1259 3000 os

194 3059 378 3128 nomenque
395 3040 578 3121 sumebant,
596 3042 807 3109 mussitantes
828 3041 958 3129 reperit,
976 3049 1155 3129 strepentes
1174 3041 1261 3107 iuter

194 3167 241 3228 se,
263 3147 365 3214 multa
392 3148 425 3214 in
446 3149 626 3237 principem
650 3149 775 3215 occulto
794 3148 1044 3215 deblaterautes.
1066 3150 1139 3215 Mox
1157 3146 1260 3215 auda-

193 3253 296 3321 ciores
326 3255 366 3321 ad
394 3256 625 3343 arrogantiam,
658 3256 848 3344 Vespasiani
883 3256 1028 3338 leuitate,
1058 3255 1146 3337 facti,
1182 3276 1260 3322 eum

191 3361 297 3449 palam
313 3363 492 3431 maledictis
508 3363 648 3452 insequi,
668 3374 710 3446 et,
732 3364 839 3452 specie
853 3363 1074 3452 philosophiae,
1088 3362 1122 3429 in
1138 3362 1259 3450 princi·

192 3478 302 3557 potum
331 3468 453 3553 invehi,
476 3472 531 3558 jus
563 3471 690 3559 imperii
721 3471 928 3552 imminuere,
959 3469 1090 3537 turbare
1113 3468 1257 3558 plebem,

193 3584 288 3664 atque
315 3577 442 3645 animes
471 3578 504 3643 in
535 3579 656 3646 variam
691 3577 886 3646 sententiam
913 3576 1104 3644 distrahere.
1132 3575 1259 3664 Cynicae

194 3693 288 3751 sectae
311 3684 525 3772 professores
553 3685 663 3753 stoicis
680 3685 805 3766 affines,
823 3705 913 3752 more
930 3705 1060 3766 canum,
1077 3682 1260 3772 principem

227 3892 248 3938 l.
267 3890 368 3954 Dieloq.
385 3891 466 3950 erac,
481 3894 508 3952 83
522 3892 598 3952 Suet,
615 3892 725 3955 Vesper,
743 3893 769 3939 13
785 3893 808 3939 et
820 3891 863 3950 223
877 3891 932 3940 Aur.
950 3889 1038 3948 Victor,
1055 3889 1181 3953 Epilome,
1193 3891 1216 3938 9.

226 3962 248 4008 2.
268 3962 327 4010 Vide
342 3976 421 4024 supra,
438 3964 516 4012 Parte
531 3965 563 4025 lss,
580 3965 642 4025 §ie

226 4032 248 4080 3.
267 4032 309 4081 Dio
324 4033 428 4093 Cassius,
445 4049 508 4091 nrm,
523 4038 561 4083 tt.
574 4035 610 4084 Cf.
626 4038 682 4084 Aur.
699 4035 771 4096 Virt,
790 4035 912 4095 Caesarea,
926 4035 939 4082 O
955 4048 960 4082 :
975 4053 986 4078 «
999 4033 1102 4084 Flectere
1118 4032 1198 4096 potius
1210 4047 1263 4084 ma-

195 4102 239 4150 luit
251 4117 321 4165 quam
335 4104 481 4154 excruciatos
496 4106 583 4156 delere.
602 4127 613 4151 o

226 4176 248 4221 l.
268 4176 343 4234 Suet,
361 4176 443 4239 Veap.,
459 4177 501 4239 l5;
517 4179 544 4228 Α.
559 4178 647 4239 Victor,
664 4178 1027 4242 lococtr.;raeit.,Hirr.,1v,
1043 4179 1086 4239 423
1104 4175 1173 4226 nial.
1190 4175 1260 4226 Ora-

196 4248 255 4307 tor,
271 4249 312 4307 ll,
325 4249 369 4295 ete.
