2916 4934
489 363 743 418 HOltllNlBUSOUli
767 365 965 410 LtrlltutrtS.
1229 353 1258 406 ll

192 477 433 566 provinciarum
448 476 617 565 praefectos
631 499 669 543 ac
684 476 784 544 duces
800 478 1014 558 exercituum,
1030 477 1109 542 illud
1125 477 1158 542 iu
1173 478 1260 565 prin-

195 585 295 672 cipes,
318 584 433 651 eadem
458 605 556 672 prope
581 583 744 665 libertate,
764 584 975 651 commissum
997 594 1057 652 est.
1075 585 1260 670 Augustum

195 693 315 780 ipsum,
338 691 486 780 quamvis
510 690 705 758 factionibus
725 713 761 757 ac
781 690 953 757 discordiis
980 691 1129 757 civilibus
1150 712 1261 779 pacem

196 799 342 865 attulisse
362 798 538 879 videretur,
561 797 773 864 nihilominus
791 797 934 864 dicteriis
954 797 1170 864 offenderunt.
1194 797 1262 864 Sub

197 904 409 972 atrocissimis
440 926 569 992 quoque
603 904 868 992 imperatoribus,
900 914 970 971 turn
1003 925 1105 993 quum
1139 904 1262 992 aliquid

196 1012 297 1079 libere
312 1012 433 1078 dictum
449 1011 642 1100 produxisse
660 1010 752 1078 valde
766 1011 984 1099 periculosum
1002 1021 1099 1092 esset,
1115 1011 1263 1099 tyrannis

197 1140 263 1186 non
286 1127 511 1206 pepercerunt.
537 1121 647 1206 Neque
672 1118 768 1185 velim
794 1118 874 1183 mihi
899 1116 1032 1206 objicias
1056 1117 1262 1184 notissimum
1340 1191 1341 1195 Ἰ

197 1226 284 1293 huno
300 1224 401 1291 Taciti
415 1224 536 1306 locum,
554 1224 610 1290 ubi
628 1225 775 1313 queritur
791 1228 927 1291 Romam
950 1223 1137 1313 quindecim
1155 1225 1263 1291 llomi-

198 1333 280 1399 tiani
301 1353 416 1412 annos,
438 1332 604 1417 «longum
621 1331 859 1399 vitaehumanae
879 1332 1066 1420 spatium»,
1087 1354 1149 1420 per
1170 1331 1266 1397 silen-

201 1441 283 1505 tium
305 1438 509 1506 transiisse¹.
540 1439 607 1506 Sub
631 1439 812 1505 Domitiano
839 1439 938 1506 etiam
966 1439 1086 1505 multos
1113 1439 1266 1505 audacter

200 1547 324 1613 locutos
340 1567 411 1613 esse
427 1545 520 1612 facile
537 1545 778 1613 convincemus.
795 1546 951 1612 Homines
974 1556 1076 1625 erant,
1095 1546 1145 1612 vel
1164 1546 1267 1633 pessi-

202 1653 263 1720 mis
292 1652 507 1741 temporibus,
534 1653 590 1741 qui
614 1653 726 1741 capitis
754 1653 935 1740 perieulum
963 1652 1129 1734 subibant,
1159 1673 1198 1718 ne
1232 1652 1266 1717 in

201 1759 379 1848 prinoipem
416 1759 518 1826 laceto
559 1760 609 1826 vel
639 1758 794 1847 probrose
831 1759 954 1826 dictum
989 1761 1264 1847 compescerent¹.

203 1869 307 1946 Quum
332 1865 481 1933 Tiberius
507 1867 615 1954 legata
643 1887 714 1954 qua
733 1868 902 1952 Angustus
919 1867 1062 1932 moriens
1082 1865 1169 1954 plebi
1192 1866 1268 1932 reli-

204 1984 318 2061 querat
347 1973 494 2039 nondum
519 1973 726 2053 reddidisset,
754 1994 878 2054 scurra,
903 1981 1118 2060 praetereunte
1138 1972 1265 2051 funere,

204 2081 351 2161 accessit,
376 2090 407 2147 et
430 2085 561 2146 mortuo
588 2080 743 2168 quiddam
766 2081 799 2146 in
825 2101 936 2145 aurem
955 2079 1197 2155 insusurravit;
1220 2078 1269 2142 in-

204 2197 388 2274 terrogatus
415 2208 491 2254 vero
518 2186 596 2275 quid
624 2186 771 2267 dixisset,
804 2185 972 2274 respondit
999 2206 1033 2252 se
1069 2185 1115 2251 illi
1144 2184 1269 2252 homini

205 2293 355 2361 defuneto
380 2293 585 2361 mandavisse
610 2305 647 2361 ut
667 2296 852 2382 Augustum
875 2303 1022 2360 moneret
1040 2291 1188 2359 nondum
1210 2314 1269 2358 sua

203 2400 484 2489 legatapersolvi3
511 2401 726 2489 Tiberiusque
746 2402 845 2490 jussit
867 2421 1014 2468 scurram
1038 2401 1148 2466 statim
1173 2420 1269 2465 suurn

205 2506 346 2595 recipere
366 2507 524 2590 debitum,
549 2507 624 2574 dein
649 2507 764 2589 occidi,
791 2532 807 2570 «
826 2518 862 2574 ut
884 2508 953 2595 ipse
975 2507 1008 2572 id
1024 2508 1172 2592 Augusto
1187 2527 1271 2572 nun-

205 2614 301 2680 tiaret
324 2615 376 2679 ui.
399 2615 570 2695 Caracalla,
593 2617 677 2681 Geta
699 2614 807 2681 fratris
832 2613 1029 2693 interfector,
1055 2612 1115 2680 sibi
1135 2611 1269 2678 ridiculo

207 2721 399 2801 Germanici,
414 2721 629 2802 Alamannici,
647 2720 787 2801 Arabici,
804 2720 944 2787 Parthici
957 2720 1067 2787 titulos
1087 2719 1270 2806 adscripse-

206 2837 271 2905 rat;
290 2827 387 2916 idque
410 2827 513 2894 Helvii
534 2828 711 2894 Pertinacis
728 2829 803 2915 joco
821 2827 1025 2893 amarissimo
1045 2827 1153 2893 locum
1173 2824 1268 2903 leoit;

207 2954 283 2999 nam
297 2933 593 3001 Caracallaedixisse
604 2933 707 3001 lertur
721 2957 729 3000 ε
746 2959 762 2996 u
776 2935 853 3000 Tuis
865 2933 1052 3000 nominibus
1065 2932 1148 2998 adde
1158 2931 1269 3011 etiam,

208 3041 236 3106 si
252 3040 370 3128 placet,
393 3041 587 3107 Geticusl.»
622 3041 786 3107 Gallienus
810 3041 999 3128 imperator,
1028 3060 1216 3128 quanquam
1237 3037 1272 3103 id

209 3145 364 3234 temporis
390 3156 481 3234 pater
508 3147 698 3215 Valerianus
733 3168 752 3213 a
776 3149 894 3234 Sapore
925 3146 1072 3214 custodia
1101 3145 1273 3211 inhonesta

208 3252 391 3334 tenebatur,
426 3253 626 3342 triumphum
658 3264 768 3321 tamen
800 3253 863 3320 sibi
895 3252 1026 3320 decerni
1063 3260 1270 3341 praeceperat,

208 3359 343 3447 perinde
364 3382 401 3426 ac
426 3360 454 3426 si
473 3363 646 3427 Persarum
668 3361 777 3449 copias
796 3360 882 3427 bello
897 3360 1082 3428 devicisset.
1098 3358 1180 3437 Quid
1195 3378 1272 3425 vero

208 3465 270 3532 hoc
297 3467 383 3555 turpi
418 3467 582 3556 triumpho
614 3478 721 3534 actum
752 3467 794 3534 sit
824 3467 1007 3555 accepimus
1043 3488 1082 3532 ex
1114 3464 1272 3531 Trebellio

209 3573 367 3655 Pollione,
394 3575 487 3662 cujus
511 3574 611 3642 verba
638 3575 709 3662 ipsa
733 3595 892 3662 ponemus
917 3595 924 3641 :
950 3601 965 3634 «
987 3575 1092 3652 Quum
1107 3573 1275 3658 grerPer-

212 3700 336 3762 sarum,
354 3681 448 3768 quasi
467 3682 679 3768 captivorum,
696 3703 755 3769 per
770 3702 921 3769 pompam
938 3681 1123 3760 duceretur,
1140 3677 1272 3767 quidam

210 3806 330 3852 scurrae
362 3787 563 3854 miscuerunt
587 3809 620 3854 se
651 3789 772 3868 Persis,
808 3786 1058 3875 diligentissime
1090 3795 1272 3853 scrutantes

244 4010 267 4058 l.
285 4009 418 4074 Agricola,
429 4010 452 4057 3.

242 4080 267 4127 2.
282 4081 316 4128 ot.
333 4081 425 4137 Senes,
440 4080 575 4142 Centrum,
592 4095 619 4141 11,
639 4082 676 4129 l2.

244 4151 267 4199 3.
284 4151 326 4201 Dio
339 4153 415 4213 Cass,
433 4165 488 4211 nvn,
506 4153 548 4212 ll;
562 4154 640 4211 Suet,
654 4153 746 4212 liber,
762 4154 801 4202 ot.

244 4224 267 4273 t.
284 4223 413 4288 Spartian,
425 4223 528 4284 Corae,
542 4224 580 4272 lt.
597 4225 642 4285 Gt,
657 4222 732 4283 Geta,
744 4226 767 4274 6.
