2916 4934
633 357 822 406 conctusto.
1211 357 1260 411 ll5

195 472 323 562 publico
338 469 524 552 recitarent,
540 469 593 536 alii
608 471 703 538 multi
716 471 820 561 poenis
833 471 1039 557 gravioribus
1052 475 1159 544 affecti
1171 490 1259 548 sunt.

197 585 426 669 Saepenumero
444 576 519 643 libri
539 576 698 657 seditiosi,
721 600 780 666 per
795 578 937 645 aedilium
957 601 994 646 ae
1015 581 1262 655 triumvirorum

197 687 390 767 ministeria,
408 685 482 772 jure
505 693 536 750 ct
551 682 676 771 judicio
696 684 829 751 cremati
851 695 939 752 sunt.
959 689 1113 757 Homines
1131 692 1262 762 sordido

197 795 267 862 loco
291 803 397 872 natos,
423 811 533 857 servos
554 790 703 858 librarios
725 792 781 879 qui
806 791 925 859 librum
954 792 1118 863 famosum
1147 798 1262 868 litteris

197 901 447 988 exscripserant‚
471 896 645 964 histriones
671 898 908 986 abjectissimos
930 899 1031 987 virgis
1056 904 1148 988 eaedi,
1176 907 1263 975 cruci

198 1008 300 1095 alfigi,
316 1004 430 1095 projici
449 1003 491 1070 ad
514 1002 648 1086 bestiae,
670 1005 722 1072 vel
739 1004 848 1071 medio
867 1005 901 1071 in
921 1007 1157 1095 arnpbitbeatro
1177 1034 1265 1081 com·

198 1115 272 1183 buri
291 1112 453 1202 principes
473 1111 655 1199 jusserunt.
681 1112 715 1178 Si
740 1133 837 1200 quem
861 1134 938 1180 vero
963 1114 1065 1201 pluris
1087 1116 1262 1202 iaciebant,

198 1223 285 1289 hunc
308 1217 506 1305 relegatione
530 1217 741 1300 mulctabant,
769 1218 826 1285 ubi
854 1218 990 1306 degeret
1016 1225 1134 1292 arctius
1158 1237 1267 1295 custo-

200 1329 300 1409 ditus,
318 1324 590 1413 intestabilisque,
608 1345 645 1391 ac
653 1325 728 1413 jure
742 1325 880 1393 civitatis
893 1326 1074 1397 diminutus
1085 1331 1108 1397 ¹.
1126 1333 1268 1422 Scripto-

201 1457 254 1503 res
276 1455 404 1524 quoque
430 1432 536 1499 securi
557 1452 730 1519 percussos
754 1431 868 1515 luisse,
890 1433 1008 1523 laqueo
1030 1439 1264 1526 strangulatos,

202 1543 253 1610 vel
268 1541 307 1608 de
326 1562 403 1608 saxo
417 1537 589 1626 capitolino
604 1538 832 1627 praecipitatos,
854 1561 890 1606 ac
909 1552 1021 1629 postea
1041 1566 1125 1611 unco
1146 1555 1266 1615 tractos

203 1649 244 1717 ad
259 1649 362 1716 scalas
377 1646 559 1734 gemonias,
576 1645 807 1734 comperimus.
829 1646 1041 1733 Quibusdam,
1061 1650 1178 1741 hisque
1203 1653 1268 1742 pri-

202 1756 349 1824 moribus
371 1753 476 1835 urbiS,
493 1751 604 1819 datum
630 1762 679 1818 est
704 1751 845 1818 liberum
871 1755 987 1821 mortis
1011 1756 1202 1841 arbitrium,
1232 1769 1269 1827 ut

204 1864 305 1945 domi,
327 1873 423 1950 atque
448 1859 533 1926 inter
550 1869 701 1947 parentes
721 1869 754 1925 et
772 1859 906 1944 amicoS,
923 1860 1020 1928 modo
1036 1885 1134 1952 quem
1153 1866 1270 1953 elegis·

205 1980 289 2051 sent,
308 1971 407 2036 vitam
427 1966 580 2047 finirent3
598 1965 696 2053 idque
717 1965 802 2030 inter
815 1988 957 2055 mappas
974 1969 1116 2037 Caesaris
1131 1971 1269 2039 clemen-

205 2079 268 2145 tias
282 2075 493 2143 habebatur².

249 2189 322 2251 Hanc
338 2181 470 2271 quidem
486 2180 612 2267 exlege
628 2180 808 2268 majestatis
823 2191 879 2247 aut
895 2203 934 2248 ex
949 2182 1081 2251 arbitrio
1097 2205 1156 2252 suo
1172 2186 1269 2253 Tibe-

205 2292 245 2359 rii
258 2294 467 2377 Neronesque
488 2286 648 2354 lecerunt.
672 2290 734 2354 Res
755 2295 866 2354 tamen
890 2310 978 2372 vere,
1006 2300 1102 2379 atque
1126 2302 1162 2360 ut
1179 2302 1268 2377 sunt,

206 2421 272 2466 non
287 2419 326 2464 ex
342 2395 493 2484 opinione
509 2402 708 2482 praesumpta
722 2403 755 2460 et
767 2393 850 2461 falsa
864 2395 1048 2479 aestimanti,
1065 2398 1173 2467 visum
1190 2421 1268 2467 sanc

206 2505 305 2572 fuerit
315 2504 486 2593 plerosque
501 2501 676 2590 principeS,
691 2522 830 2590 quorum
846 2502 879 2568 in
898 2523 996 2570 manu
1018 2524 1147 2572 summa
1162 2517 1270 2574 auoto-

207 2613 284 2679 ritas
298 2610 371 2694 fuit,
387 2631 453 2676 non
472 2608 659 2674 inclementi
678 2609 788 2675 animo
803 2608 932 2698 imperii
950 2610 1175 2698 gubernacula
1189 2622 1272 2680 trac-

206 2730 306 2786 tasse.
324 2721 368 2784 Ea
383 2737 448 2783 non
472 2715 588 2803 sapius
603 2713 838 2782 interciderunt
857 2716 1070 2785 acerbissimo
1086 2720 1271 2808 temporo³,

208 2824 338 2916 quando
359 2824 467 2890 omnia
484 2831 574 2888 metu
596 2847 610 2881 α
627 2820 754 2909 trepida
771 2832 803 2888 et
817 2822 952 2890 confusa
972 2835 1075 2908 erant,
1090 2827 1271 2915 voluptates

208 2932 285 3022 ipsae
305 2930 515 3011 timebantur,
536 2927 649 3014 lingua
667 2927 801 2994 sollicite
826 2930 1040 2998 custodienda
1063 2942 1144 3012 erat,
1166 2943 1271 3001 terror

209 3049 241 3106 et
264 3038 384 3105 misera
405 3037 460 3102 illa
484 3057 523 3102 ex
547 3034 698 3124 periculis
721 3034 805 3101 lacta
824 3036 996 3124 prudentia
1013 3039 1100 3106 cives
1115 3040 1270 3108 monebat

208 3156 244 3213 ut
263 3168 282 3212 a
303 3143 468 3232 republica
483 3142 605 3223 conice,
624 3162 730 3224 aures,
751 3142 878 3210 animos
893 3145 1093 3212 averterent*
1111 3174 1142 3212 ».
1160 3147 1273 3215 Annos

208 3253 342 3342 pessimi
368 3250 554 3318 dominatus
576 3271 613 3316 ac
631 3249 806 3317 teterrimae
826 3251 1001 3332 servitutis,
1023 3272 1169 3340 apugna
1188 3253 1274 3342 apud

208 3368 337 3436 Actium
352 3388 456 3455 usque
478 3365 519 3432 ad
539 3364 705 3433 Commodi
726 3365 912 3453 imperium,
929 3366 1017 3433 haud
1032 3367 1170 3434 multum
1187 3369 1272 3436 ultra

208 3476 343 3562 triginta
361 3493 534 3540 recenseas
548 3496 556 3553 ;
573 3493 650 3539 nam
665 3471 826 3554 Tiberius,
844 3472 951 3554 Caius,
971 3474 1054 3540 Nero
1069 3496 1106 3541 ac
1120 3474 1273 3542 Domitia-

209 3603 272 3649 nus
287 3581 339 3651 vel
352 3580 470 3661 felicia,
486 3579 538 3646 vel
551 3577 732 3646 tolerabilia
746 3579 839 3645 initia
856 3578 1053 3647 habuerunt.
1070 3582 1180 3670 Neque
1196 3581 1274 3648 mali

210 3689 372 3778 principes
395 3684 555 3775 quidquid
577 3684 696 3753 vellent
717 3685 879 3772 agebant;
901 3687 1047 3754 omnium
1063 3687 1163 3771 enim,
1184 3689 1276 3776 vulgi

211 3793 402 3885 presertim,
431 3791 615 3880 opinionem
646 3812 713 3858 non
740 3790 868 3858 minimi
895 3791 1071 3861 habebant.
1101 3798 1273 3864 imovero

245 4035 266 4081 t.
285 4035 317 4082 lte
328 4031 438 4094 relegatis
451 4033 473 4080 et
487 4030 616 4094 deportatis
627 4031 681 4081 vide
692 4031 760 4096 Diffi,
774 4033 800 4081 L.
816 4033 917 4094 XLVlll,
933 4034 958 4081 T.
970 4033 1039 4082 xxtt.

245 4105 267 4152 2.
285 4104 371 4164 Tacit,
384 4101 492 4163 donat,
510 4116 542 4162 xi,
556 4103 584 4162 33
598 4117 647 4162 xvi,
661 4102 704 4164 333
721 4105 798 4164 Suet,
811 4102 917 4164 Domit,
935 4106 978 4164 113
996 4104 1056 4154 Vita
1067 4103 1180 4161 cocant·
1197 4106 1242 4154 etc.

244 4175 267 4222 3.
286 4175 382 4235 Seneca,
400 4173 473 4222 Cone.
488 4173 524 4221 od
535 4173 628 4233 Marc,
643 4174 682 4221 22.

244 4246 267 4294 l.
286 4247 385 4306 Seneca,
402 4245 436 4293 Dc
450 4243 539 4306 Clean,
554 4259 571 4305 1,
586 4244 824 4309 263P11n.‚t³ane9.
839 4245 922 4309 Troj.,
936 4246 974 4295 66.
