2916 4934
197 339 230 389 bii
458 341 607 394 QUOMODO
630 342 755 389 ttouartt
780 343 1004 390 ltlrtslttroutts

196 461 394 542 intulissent,
418 461 466 528 vel
484 461 518 527 in
533 482 571 527 eo
587 461 656 527 loco
674 459 883 541 minxissent,
908 458 964 525 uhi
979 468 1085 526 statua
1107 461 1263 552 principis

196 568 305 636 erat¹l
335 568 555 635 iureconsulti
586 566 626 633 de
657 564 954 655 quantulacumque
981 566 1015 631 in
1049 567 1263 655 imperatores

195 675 375 743 offensione
391 673 504 741 sedulo
520 672 748 761 disputabant:
767 693 821 754 au,
838 673 978 759 exempli
998 675 1115 760 gratia,
1137 675 1262 767 crimen

195 782 375 870 majestatis
401 780 581 859 contrahat,
613 780 669 868 qui
693 789 816 846 statuas
840 779 971 846 Caesaris
999 781 1188 868 reprobatus
1209 796 1264 851 aut

194 898 354 956 vetustate
370 896 538 974 corruptas
561 885 744 967 reficit,ch
767 884 914 951 nondum
938 887 1143 955 consecratas
1158 891 1262 977 pretio

193 995 339 1064 vendit².

237 1103 270 1170 Si
291 1122 329 1167 ea
348 1101 400 1167 lex
423 1099 598 1166 deterrima
614 1098 742 1187 scriptis
765 1097 899 1166 dictisve
923 1098 1128 1183 adhibeatur,
1152 1104 1261 1169 statim

192 1210 227 1277 in
256 1207 389 1296 ingenia
421 1205 594 1295 studiaque
625 1216 715 1272 atrox
739 1204 889 1294 quaedam
915 1205 1058 1273 exoritur
1079 1209 1260 1297 inquisitio,

197 1315 281 1383 Satis
293 1313 364 1395 erit,
377 1313 411 1379 in
422 1312 544 1394 fabula,
562 1311 720 1401 quidlibet
730 1311 921 1399 ambiguum
932 1312 1066 1397 dixisse,
1079 1314 1113 1381 in
1127 1315 1263 1383 historia

120 1510 121 1513 Ἴ
196 1423 283 1489 viros
305 1419 441 1509 principi
464 1418 593 1486 odiosos
616 1418 781 1499 laudasse,
803 1419 866 1499 vel,
886 1419 971 1486 inter
997 1421 1123 1508 pocula,
1147 1444 1264 1490 versus

196 1528 351 1596 recitasse
365 1526 461 1615 paulo
477 1526 669 1613 asperiores,
685 1535 722 1592 ut
733 1546 808 1592 rcus
818 1525 876 1592 fias
890 1526 977 1615 quod
990 1528 1024 1593 in
1035 1527 1263 1615 imperatorem

196 1636 607 1726 populumqueromanum
622 1631 812 1699 detestabile
827 1631 953 1700 facinus
966 1633 1150 1702 admiseris.
1168 1637 1265 1703 Occa-

199 1744 324 1810 sionem
344 1740 432 1808 enim
457 1761 495 1807 ex
519 1738 684 1828 probrosis
716 1739 915 1806 carminibus
940 1740 1087 1808 Tiberius
1111 1743 1262 1830 sumpsit,

197 1849 327 1939 quando
358 1848 467 1934 legem
496 1847 692 1934 majestatis,
718 1846 888 1935 hucusque
915 1868 998 1935 pene
1028 1847 1260 1932 oblitteratam,

197 1956 361 2037 reduxitl,
395 1957 557 2043 Neroque,
591 1953 690 2019 simili
717 1973 827 2032 causa,
858 1954 1038 2042 majestatis
1066 1954 1262 2043 quaestiones

198 2062 348 2131 renovari
363 2060 498 2150 jussitl.
1241 2123 1243 2126 ,

242 2173 351 2259 Neque
363 2189 453 2249 vero,
471 2168 499 2234 si
513 2179 623 2235 tamen
634 2167 724 2234 Dioni
736 2166 844 2234 Cassio
857 2165 1046 2249 credideris,
1062 2168 1245 2257 principibu

196 2277 269 2362 lege
286 2276 465 2363 majestatis
481 2295 562 2362 opus
574 2283 654 2356 erat,
672 2283 727 2340 aut
740 2273 870 2362 legibus
886 2273 926 2341 dc
943 2275 1065 2362 injuria
1081 2286 1113 2342 et
1126 2275 1262 2342 famosis

198 2383 328 2463 libellis,
341 2391 377 2449 ut
389 2383 561 2469 scriptores
572 2380 808 2463 incommodos,
819 2402 877 2470 pro
887 2403 945 2449 suo
957 2391 1038 2449 nutu
1049 2391 1081 2449 et
1091 2381 1261 2463 arbitratu,

199 2500 295 2579 atque
325 2488 422 2555 etiam
446 2485 572 2554 indicto
596 2509 709 2570 cucero,
740 2487 938 2569 occiderent,
968 2489 1019 2555 vel
1048 2490 1080 2555 in
1111 2489 1262 2555 exsilium

198 2605 415 2664 removerent.
449 2595 577 2661 Cassius
605 2595 691 2661 enim
720 2594 837 2661 asserit
864 2597 1005 2662 Caesares
1028 2597 1127 2663 totius
1157 2595 1266 2683 reipu-

199 2704 289 2771 blica
319 2700 539 2791 gubernandae
567 2700 700 2790 plenum
729 2702 891 2789 accepisse
922 2702 1108 2790 imperium,
1134 2702 1265 2789 legibus

201 2810 324 2878 solutos
339 2831 424 2890 esse,
442 2830 478 2875 ac
496 2808 616 2875 liberos
636 2808 725 2874 omni
739 2809 945 2891 necessitate,
968 2831 1027 2876 nec
1055 2809 1121 2876 ulla
1146 2808 1266 2896 scripta

200 2919 272 3005 lege
284 2916 403 2995 teneri3
417 2937 538 3004 eosque
549 2914 717 2982 tribunitia
731 2924 888 3004 potestate
902 2916 945 2982 ita
957 2915 1159 2983 inviolabiles
1177 2936 1263 2996 esse,

201 3034 249 3106 ut,
270 3025 297 3091 si
319 3023 392 3113 quis
412 3023 500 3111 ipsos
514 3021 597 3089 facto
616 3022 668 3089 vel
683 3021 768 3089 dicto
788 3022 918 3105 laeserit,
933 3044 1021 3105 eum,
1039 3022 1183 3111 quasise
1199 3022 1266 3110 pia·

201 3131 273 3198 culo
289 3129 511 3212 obstrinxerit,
528 3150 644 3196 necare
665 3129 818 3217 queant⁵.

233 3346 255 3391 t.
274 3346 351 3403 Suet,
368 3342 430 3399 rto..
447 3344 490 3402 583
506 3344 594 3406 Spart,
612 3341 761 3402 Curucullu,
776 3344 802 3402 5;
817 3344 915 3402 Seneca,
930 3343 968 3391 De
981 3340 1122 3402 Beneficiis,
1139 3356 1172 3401 nr,
1188 3342 1227 3390 26.

232 3417 254 3462 2.
272 3416 302 3464 At
317 3414 445 3477 Septimius
465 3415 566 3463 Severus
583 3412 710 3463 liberaliter
728 3413 859 3476 rescripsit,
877 3426 932 3462 eum
946 3412 1079 3475 majestatis
1101 3411 1197 3462 erimine
1220 3425 1268 3461 non

199 3485 282 3546 teneri,
306 3487 345 3548 qni
363 3484 464 3547 «lapide
485 3484 573 3547 jactato
595 3485 693 3544 incerto,
716 3483 814 3534 fortuito
838 3487 942 3533 statuam
964 3483 1080 3546 attigerit!
1101 3502 1112 3527 a
1135 3482 1266 3546 (Dipestn,

201 3557 226 3606 L.
244 3558 342 3616 xtvut
358 3558 384 3605 T.
402 3558 439 3627 tv,
453 3556 495 3603 Ad
510 3555 589 3620 tepens
603 3555 703 3605 duliam
715 3556 873 3620 rncjeatctis,
887 3558 901 3602 4
913 3555 977 3618 sqq.)

234 3629 256 3676 3.
274 3627 357 3688 Tacit,
373 3627 450 3687 Aoo,
464 3642 480 3687 ι,
495 3628 533 3675 72.

234 3701 256 3748 l.
275 3697 350 3760 idid,
365 3713 415 3758 xiv,
430 3700 468 3748 48.

233 3771 255 3819 5.
274 3772 301 3819 Ι).
316 3771 391 3830 Cass,
404 3783 453 3829 nur,
469 3771 497 3818 t‘l
511 3774 534 3820 et
550 3771 586 3819 18.
603 3770 637 3818 Cf.
654 3771 775 3829 Senecam,
792 3770 829 3819 De
843 3769 931 3828 Cleon,
946 3783 961 3829 r,
978 3771 998 3816 l.

636 3963 833 3975 -ῳ
