2916 4934
320 361 385 406 CUM
411 360 591 407 Matavotts
614 359 849 406 scutetontat's
872 359 908 404 St}
930 357 1123 404 otssttun‘t.
1223 349 1255 400 (il

690 879 765 969 §u

579 1081 640 1143 De
664 1079 868 1161 Augusto.

236 1327 320 1393 lulio
332 1329 466 1408 Caesare,
489 1327 546 1416 qui
560 1329 686 1416 primus
704 1338 773 1416 post
791 1327 912 1412 Sullam
934 1349 1063 1394 sunnna
1077 1348 1187 1394 rerum
1201 1349 1260 1416 po·

192 1434 269 1501 titus
281 1443 342 1515 est,
359 1456 455 1501 nemo
471 1435 660 1502 clementior
676 1434 746 1504 fuit.
765 1434 893 1501 Lenitas
910 1438 995 1502 enim
1012 1434 1158 1516 CaesariS,
1173 1433 1260 1523 apud

192 1551 331 1621 veteres,
349 1542 496 1607 omnium
514 1541 666 1608 laudibus
691 1541 919 1609 commendata
932 1551 992 1608 est.
1017 1543 1057 1608 Ut
1075 1551 1144 1608 erat
1163 1540 1259 1629 inge-

192 1647 267 1714 nita
287 1647 454 1727 bonitatis,
477 1658 573 1737 atque
594 1648 788 1736 injuriarum
801 1650 985 1730 immemor,
1000 1658 1073 1738 post
1084 1658 1210 1736 partam
1226 1647 1260 1714 in

193 1753 278 1820 bello
294 1753 379 1821 civili
401 1755 585 1837 victoriam,
603 1758 738 1822 Romam
765 1776 951 1842 regressus,
972 1754 1171 1822 offensarum
1187 1755 1259 1821 vin-

94 1874 99 1881 ·
194 1859 313 1927 dictam
329 1861 467 1941 remisit,
485 1883 592 1951 neque
607 1883 641 1929 se
655 1863 807 1951 cuiquam
826 1883 939 1930 eorum
957 1862 1014 1951 qui
1033 1882 1123 1928 arura
1136 1882 1194 1949 pro
1210 1881 1262 1927 se-

196 1976 289 2035 natus
304 1968 448 2056 partibus
460 1968 890 2057 gessissentimplacabilem
907 1968 1059 2058 praebuit¹
1073 1991 1081 2048 ;
1096 1988 1132 2034 ac
1146 1967 1261 2034 merito

195 2073 276 2142 dixit
286 2097 319 2142 se
332 2075 457 2142 nullum
475 2075 653 2156 hominem,
669 2076 731 2142 nisi
749 2085 923 2155 armatum,
939 2074 1109 2157 occidisse,
1121 2072 1260 2162 odiaque

195 2203 269 2248 cum
284 2182 383 2248 armis
400 2183 582 2271 posuisse¹.
602 2186 672 2250 Non
686 2184 763 2250 satis
776 2182 891 2250 habuit
905 2181 1054 2249 inimicos
1070 2181 1260 2270 impunitate

196 2289 350 2371 donasse,
368 2289 426 2356 sed
438 2289 549 2357 multis
565 2290 705 2357 honores
726 2289 983 2377 etmagistratus
998 2288 1126 2357 detulit.
1149 2286 1262 2354 Tradit
1294 2309 1297 2316 ·

195 2396 328 2484 quidem
364 2398 454 2464 Titus
480 2397 652 2485 Ampius⁸,
688 2397 847 2464 obscurus
875 2396 1084 2463 historiarum
1110 2396 1258 2483 scriptor,

195 2503 315 2570 Julium
337 2505 507 2585 Caesarem,
525 2505 620 2592 paulo
645 2513 719 2571 ante
743 2514 895 2583 mortem,
915 2503 1016 2569 nimia
1042 2501 1260 2593 quorumdam

195 2611 382 2696 arrogantia
404 2620 436 2677 et
453 2610 608 2679 conviciis
634 2621 878 2700 exasperatum,
904 2611 1012 2699 palam
1038 2609 1257 2698 proclamasse

199 2743 215 2779 c
233 2716 352 2784 debere
375 2717 524 2784 hortiines
549 2717 788 2785 consideratius
806 2719 875 2806 jam
898 2717 988 2807 loqui
1012 2737 1137 2797 secum,
1152 2737 1189 2782 ac
1202 2737 1260 2803 pro

195 2823 325 2910 legibus
344 2823 465 2891 habere
486 2846 557 2914 quae
582 2824 669 2891 dicat
689 2846 725 2906 »;
755 2824 997 2913 Suetoniusque
1014 2822 1143 2912 scripsit
1161 2821 1263 2888 dicta·

196 2941 300 2997 torem
316 2931 431 2998 acerbe
452 2931 492 2999 de
509 2952 543 2998 se
565 2931 775 3020 loquentibus
795 2931 1021 3012 denuntiasse,
1047 2952 1087 2996 ne
1112 2950 1263 3018 perseve-

196 3039 337 3104 rarent‘.
365 3039 494 3105 Nullum
529 3040 661 3105 omnino
697 3060 777 3105 sera
802 3039 896 3106 istius
923 3036 1105 3106 severitatis
1131 3034 1262 3104 invenio

198 3144 395 3233 exemplum.
417 3147 523 3226 Quum
543 3146 631 3212 enim
653 3146 766 3213 Calvus
782 3155 814 3212 et
833 3145 988 3226 Catullus,
1006 3146 1109 3212 Aulus
1124 3144 1260 3226 Caecina,

195 3252 289 3318 Curio
305 3263 337 3318 et
352 3252 524 3319 Pitholacus
546 3253 706 3342 multique
724 3252 779 3319 alii
804 3252 838 3318 in
854 3274 928 3319 euin
948 3253 1185 3341 epigrammata
1209 3249 1224 3316 f
1243 3290 1259 3300 -

196 3380 300 3440 mosa,
325 3359 656 3427 maledicentissimos
678 3359 793 3442 libros,
815 3359 964 3446 dialogos
988 3358 1113 3446 asperis
1134 3357 1261 3424 facetiis

195 3465 308 3555 plenos
329 3467 540 3554 conjicerent,
555 3466 725 3534 cantilena
742 3466 948 3534 contumeliis
967 3464 1093 3532 refertae
1108 3485 1263 3531 cancren-

196 3583 261 3655 tur,
295 3573 396 3640 libelli
436 3573 543 3640 medio
575 3573 608 3640 in
633 3573 703 3640 foro
727 3584 997 3662 proponerentur,
1021 3570 1141 3660 quibus
1165 3570 1262 3637 liber-

233 3799 252 3844 t.
272 3795 382 3846 Nicolaus
398 3797 515 3855 Damaso,
531 3797 569 3845 De
585 3795 693 3845 Caesaris
703 3796 800 3854 irretit,
815 3797 856 3853 193
874 3794 945 3854 etue,
966 3794 1025 3842 Vita
1038 3793 1110 3851 Caee,
1126 3794 1169 3853 ta,
1186 3795 1262 3854 Suel,

199 3866 341 3927 Caeec1·,75
357 3883 363 3915 ε
383 3867 589 3916 «Moderationem
610 3866 814 3929 clementiamque,
835 3871 885 3914 tum
901 3867 924 3915 in
942 3863 1151 3922 administratione,
1167 3868 1219 3913 tum
1238 3864 1262 3913 in

198 3937 337 3988 tettictvitts
347 3939 453 3998 victoria,
467 3939 628 3989 admirabilem
639 3938 754 3998 exhibuit,
768 3941 813 3987 etc.
827 3952 853 3997 »ς
867 3936 927 3987 vell.
940 3939 1039 3996 Patere,
1049 3950 1073 3996 11,
1084 3936 1126 3995 563
1142 3936 1201 3996 Cic,
1213 3939 1263 3986 l‘ro

197 4008 331 4070 Marcello,
341 4011 454 4073 passim·
469 4011 511 4060 Dio
526 4011 632 4070 Cassius,
648 4025 711 4068 xciv,
725 4009 838 4072 passiam·
852 4012 897 4058 etc.

229 4080 253 4127 2.
271 4081 369 4136 Seneca,
388 4081 624 4142 DeBeaes..v,16;
641 4083 697 4130 lun
709 4081 798 4139 Victor,
817 4080 852 4127 De
871 4080 938 4127 t'trtc
952 4078 1060 4139 illustra,
1072 4079 1110 4127 lli.

230 4150 253 4199 3.
271 4152 339 4215 Apud
355 4155 462 4214 Sueten,
480 4153 574 4212 Caeaar,
589 4152 627 4200 rt.

230 4223 253 4270 l.
272 4221 347 4285 ittet,
360 4225 399 4273 75.
