2916 4934
489 346 744 400 ueutulnt'souu
768 347 962 393 Lt'rTu'ttutls.

688 865 762 956 §u

542 1069 603 1131 De
623 1065 899 1146 philosophis.

238 1319 346 1404 Usque
362 1315 403 1382 ad
419 1316 550 1403 Trajaui
562 1326 721 1403 tempera,
736 1316 877 1381 Caesares
891 1315 942 1381 vel
964 1336 1037 1381 eum
1057 1316 1256 1406 philosophis

194 1443 326 1510 gessere
351 1423 551 1505 inimicitias,
578 1423 629 1489 vel
656 1421 770 1488 saltem
799 1442 853 1487 eas
878 1443 991 1509 parum
1022 1423 1254 1510 approbarunt.

193 1532 261 1596 Neu
287 1538 395 1596 tamen
420 1529 610 1614 negauerim
630 1527 830 1616 aplerisqne
849 1529 1099 1615 imperatoribus
1115 1530 1257 1618 phileso-

194 1636 274 1725 pbos
290 1636 441 1702 toleratos
452 1657 536 1717 esse,
554 1636 620 1701 ime
636 1656 756 1723 paucos
773 1656 885 1700 earum
903 1635 988 1722 apud
1005 1636 1166 1725 principes
1181 1659 1258 1704 ean-

195 1754 340 1811 versatns
356 1741 470 1810 fnisse.
487 1745 569 1808 Nera
581 1741 746 1830 sapientia
758 1741 919 1821 doctores,
933 1743 965 1806 in
978 1741 1169 1822 ludibrium,
1184 1757 1257 1833 post

196 1849 322 1938 epulas,
340 1859 500 1916 uteorum
517 1847 689 1916 discordiis
706 1847 933 1927 delectaretur,
952 1847 992 1913 ad
1010 1870 1044 1915 se
1058 1848 1254 1932 advocatae

199 1984 214 2016 «
236 1979 295 2022 nec
319 1955 455 2022 deerant
474 1955 542 2043 qui,
562 1977 617 2021 ore
636 1955 791 2041 vultuque
811 1953 907 2033 tristi,
922 1954 1006 2019 inter
1022 1955 1258 2024 oblectamenta

100 2107 102 2112 ·
196 2064 287 2150 regia
313 2063 451 2150 spectari
470 2063 659 2149 cuperent¹.
679 2088 694 2123 a
723 2063 762 2126 At
786 2062 869 2125 Nera
886 2058 970 2125 idem
995 2061 1184 2142 Thraseam,
1200 2066 1261 2129 lta-

195 2191 285 2237 ream
308 2171 480 2250 Soranum,
508 2169 690 2250 Rubellium
724 2167 886 2247 Plautum,
912 2168 1097 2234 Musonium
1125 2170 1256 2254 Rulum,

196 2279 385 2358 Carnutum,
412 2275 596 2343 Helvidium
630 2276 776 2363 aliosque
808 2282 912 2340 marte
941 2274 1116 2358 alliciebat,
1146 2277 1195 2344 vel
1224 2279 1257 2345 in

197 2384 348 2450 exsilium
363 2382 512 2469 agebat¹.

242 2490 340 2558 Stoici
360 2489 461 2569 enim,
488 2489 543 2577 qui
567 2489 701 2576 primas,
734 2489 819 2555 inter
853 2487 1060 2576 philosophas
1089 2510 1255 2569 romanos,

197 2608 303 2684 partes
323 2605 510 2678 tenuerunt,
539 2595 570 2660 id
597 2596 631 2661 iu
658 2596 773 2682 primis
798 2595 965 2661 decretum
983 2594 1104 2661 habent
1124 2619 1131 2660 :
1153 2596 1258 2662 salum

198 2703 320 2770 benum
336 2724 408 2770 esse
423 2702 608 2781 honestum,
627 2702 712 2768 mala
728 2709 852 2769 tantum
870 2723 942 2789 quae
959 2700 1043 2768 laeda
1059 2712 1147 2783 suut,
1167 2703 1261 2768 nobi-

197 2809 320 2876 litatem
342 2830 431 2890 vera,
453 2808 703 2895 ignobilitatem,
726 2807 866 2889 divitias,
885 2817 1120 2895 paupertatem,
1144 2819 1259 2896 paten-

197 2916 290 2997 tiam,
319 2915 450 2994 exsilia,
471 2914 637 3003 simplicia
658 2936 729 2981 esse
751 2913 992 3004 indifferentia,
1010 2914 1132 2981 scilieet
1153 2936 1259 3002 neque

198 3022 283 3089 inter
297 3022 392 3102 bena,
418 3043 523 3109 neque
540 3021 624 3087 iuter
648 3022 732 3086 mala
756 3021 907 3108 ponenda
928 3020 1033 3086 esse³.
1054 3022 1137 3087 Sunt
1161 3021 1261 3108 igitur

197 3129 348 3196 homines
377 3129 433 3217 qui
461 3127 658 3216 persuadere
689 3127 800 3194 velunt
827 3133 860 3194 se
887 3126 977 3194 feriri
995 3128 1128 3215 quidem
1150 3149 1258 3215 passe,

199 3235 361 3303 vulnerari
378 3256 444 3301 uon
465 3235 593 3323 pessel,
614 3234 722 3300 amnia
747 3256 823 3322 qnae·
842 3234 928 3300 mala
951 3256 970 3300 a
991 3234 1089 3321 uulgo
1109 3233 1263 3301 dicuutur

199 3341 261 3408 sibi
275 3341 444 3408 toleranda
455 3363 538 3422 esse,
549 3352 585 3408 ut
598 3366 614 3403 ‹<
626 3341 743 3406 hiemis
758 3341 914 3428 rigorem,
929 3340 1072 3421 morbae,
1088 3350 1259 3428 ceteraque

199 3448 282 3515 forte
310 3448 512 3515 accidentia⁵
532 3471 569 3528 »;
596 3448 757 3535 principes
786 3448 864 3535 ipsis
888 3468 995 3535 neque
1023 3468 1097 3514 vere
1121 3446 1259 3528 benum,

198 3576 305 3643 neque
321 3555 443 3621 malum
459 3555 572 3621 afferre
586 3575 694 3642 passe,
721 3575 757 3619 ae
773 3554 902 3619 minimi
921 3554 1079 3620 iuteresse
1095 3563 1204 3619 utrum
1220 3552 1261 3618 ab

201 3663 248 3729 eis
278 3661 454 3728 honorilice
492 3682 533 3727 an
570 3660 726 3748 injuriose
758 3659 956 3741 habeantur;
992 3660 1098 3727 virum
1134 3660 1263 3748 sapien·

199 3782 265 3837 tem
290 3770 374 3836 intra
399 3790 433 3836 se
459 3769 521 3836 sibi
546 3768 688 3835 stabilire
710 3768 836 3855 regiam
861 3766 1038 3856 quamdam
1054 3776 1259 3855 potestatem,

235 3941 257 3988 t.
275 3942 339 3997 lae,
353 3937 460 3998 Annei,
477 3952 525 3996 ruv,
541 3937 577 3985 16.
596 3937 630 3986 Cf.
643 3937 736 3997 Seuer,
752 3936 833 4000 Epist.
850 3934 885 3984 ad
899 3936 971 3996 Luc,
987 3935 1027 3983 29.
1121 3949 1123 3951 ’

233 4012 256 4059 2.
273 4010 333 4058 Vide
348 4008 417 4068 iutra,
433 4010 512 4056 Parte
527 4009 575 4066 llss,
593 4007 655 4069 §3⁰.

234 4081 257 4128 3.
275 4080 356 4140 Tacit,
370 4081 447 4139 rust,
461 4095 493 4139 iv,
506 4082 532 4139 53
545 4082 642 4138 Seneca,
658 4080 716 4142 Ep,
732 4079 776 4140 823
791 4078 876 4142 Epire,
891 4077 998 4142 passim.

235 4155 257 4200 l.
277 4153 373 4210 Seuera,
389 4152 425 4200 De
440 4150 593 4200 Constantia
605 4151 732 4213 Supieut,
744 4151 766 4198 3.

235 4225 258 4271 5.
276 4221 352 4281 ibid„
364 4226 386 4271 9.
