2916 4934
491 359 744 413 Hoxlnluusoun
768 358 967 406 attraxeris.
1227 351 1258 402 37

196 474 354 559 Pegasus,
379 472 454 540 urbi
477 474 659 562 praelectus,
691 474 775 540 male
802 473 907 540 cincta
933 482 1085 561 properat
1111 481 1200 560 toga,
1229 484 1261 541 et

195 580 368 646 Montanus
389 589 501 647 ventre
524 580 649 661 tardus,
674 589 706 647 et
725 579 889 669 Crispinus
910 579 1069 645 matutino
1089 590 1260 666 unguento

198 686 333 768 sudam,
362 687 580 775 Catullusque‚
609 708 713 754 cacus
744 687 904 768 adulator,
940 685 996 774 qui
1025 706 1201 753 conversus
1226 685 1260 752 in

196 791 326 873 lavam,
343 791 466 880 piscem
481 793 618 859 miratur
631 793 764 859 dextera
778 794 918 881 positum
929 793 956 859 ¹.

322 978 408 1041 Atque
422 978 524 1026 utinam
540 977 581 1026 his
596 977 689 1040 potius
706 977 786 1041 nugis
801 980 856 1027 tota
868 978 914 1027 illa
927 977 1043 1027 dedisset

321 1049 452 1112 Tempora
467 1048 587 1110 saevitiae,
604 1050 690 1098 claras
707 1049 806 1112 quibus
821 1048 932 1098 abstulit
948 1048 1008 1097 urbi

320 1119 495 1183 illustresque
508 1119 621 1180 animaS,
637 1119 748 1183 impune
763 1123 788 1169 et
805 1120 911 1169 vindice
926 1120 1028 1170 nullo2.

239 1290 369 1356 Poterat
389 1289 522 1377 quidem
542 1293 559 1357 J
563 1289 720 1370 uvenalis,
743 1289 812 1356 sine
828 1289 942 1377 capitis
962 1289 1163 1372 discrimine,
1180 1292 1260 1356 Tra-

192 1396 273 1483 jano
290 1396 482 1484 imperante,
500 1396 638 1485 ineptias
652 1397 783 1485 tyranni
798 1396 950 1478 irridere;
968 1405 1008 1462 ne
1024 1396 1138 1463 credas
1150 1407 1261 1464 tamen

196 1502 292 1568 velim
317 1523 424 1569 seram
446 1502 530 1569 hanc
545 1502 704 1570 ultionem
719 1503 867 1569 inutilem
884 1502 996 1569 luisse.
1014 1504 1091 1570 Post
1103 1503 1261 1570 Domitia-

198 1629 277 1674 nam
303 1609 383 1676 alios
405 1630 500 1696 posse
526 1630 703 1696 exsurgere
725 1609 923 1676 Domitianos
944 1609 1045 1676 malta
1065 1609 1260 1678 documenta

198 1715 561 1804 convincebant,neque
572 1716 653 1781 nihil
663 1715 814 1804 proderat
830 1741 847 1779 r<
861 1716 895 1782 in
913 1715 1058 1782 futurum
1075 1716 1136 1783 sub
1152 1738 1261 1784 exem-

195 1821 247 1909 plo
266 1843 481 1910 praemonere,
506 1823 634 1889 nullum
658 1822 777 1904 locum,
805 1823 931 1889 nullum
954 1833 1174 1912 esse-tempus
1194 1846 1258 1913 quo

194 1928 398 1996 funestorum
409 1929 592 2018 principum
605 1950 718 1996 manes
732 1950 750 1994 a
764 1939 969 2017 posterorum
983 1930 1259 1997 exsecrationibus

194 2035 446 2124 conquiescenti
467 2062 499 2102 a.
932 2094 939 2105 ,

237 2141 440 2210 Carminibus
459 2143 638 2230 praesertim
664 2141 840 2210 levissimis
865 2141 1041 2208 inimicitiae
1063 2142 1098 2208 in
1117 2144 1257 2210 Caesares
1324 2188 1328 2195 ·

192 2248 403 2336 gerebantur.
431 2251 577 2337 Namque
602 2270 699 2316 nemo
727 2269 826 2337 prope
849 2258 916 2315 tam
938 2248 1121 2316 illitteratus
1151 2252 1259 2318 Roma

194 2365 275 2436 erat,
302 2354 358 2443 qni
378 2376 500 2442 paucos
525 2355 700 2422 versiculos
717 2355 860 2442 maligne
883 2355 1091 2423 concinnatos
1110 2357 1260 2445 nequiret

192 2459 352 2543 factitare,
377 2471 414 2528 ut
438 2461 587 2529 Sabellus
607 2462 672 2543 ille,
698 2483 796 2550 quern
822 2461 975 2528 Martialis
997 2463 1164 2550 eleganter
1182 2484 1259 2551 per-

194 2567 345 2636 strinxit:
1249 2591 1253 2595 ’

318 2744 395 2803 Quod
410 2758 465 2793 non
480 2744 582 2794 insulse
596 2747 691 2796 scribis
705 2747 861 2797 tetrasticha
875 2748 1012 2811 quaedam,

348 2816 464 2865 Disticha
476 2817 549 2880 quod
563 2817 634 2867 bella
649 2831 746 2881 pauca,
759 2818 875 2879 Sabelle,
892 2818 964 2879 facis,

317 2884 623 3007 Lapdossnecbadmirom
640 2889 717 2938 facile
733 2893 773 2938 est
786 2890 982 2953 epigrammata
994 2889 1065 2939 belle

370 2971 406 3006 err
428 2971 496 3008 cre.

239 3125 273 3192 Si
286 3126 358 3215 quis
374 3147 452 3194 vero
467 3127 550 3194 forte
568 3128 748 3195 litterarum
770 3130 864 3218 plane
889 3130 979 3197 rudis
997 3141 1095 3213 osset,
1112 3131 1258 3199 carmina

193 3241 315 3313 tamen,
333 3253 391 3319 pro
406 3254 543 3301 munere
559 3236 760 3303 saturnalitia
783 3246 889 3325 empta
911 3259 950 3304 cx
971 3238 1099 3319 cliente,
1118 3237 1258 3305 habebat

194 3359 265 3428 qnae
278 3338 505 3422 familiaribus,
518 3350 673 3431 tanquam
688 3363 760 3421 sua,
776 3344 938 3425 recitaret,

317 3533 382 3581 Nam
395 3535 468 3596 quod
479 3549 562 3597 emas,
577 3537 665 3599 possis
681 3536 769 3586 dicere
784 3538 845 3602 J'ure
861 3540 970 3587 tumul!

224 3721 307 3793 ,Mos
323 3733 391 3788 orat
404 3731 441 3789 ut
460 3723 520 3791 illae
535 3745 631 3811 nuga
655 3725 689 3791 in
710 3725 830 3792 celebri
849 3727 1008 3809 convivio,
1026 3727 1078 3794 vol
1094 3727 1128 3793 in
1142 3726 1255 3794 schola

226 3934 248 3980 l.
268 3932 380 3994 Sul.,1v,
394 3935 423 3982 tt
437 3949 489 3998 sqq.
504 3937 539 3985 Cl.
558 3937 629 3998 Plin,
643 3938 735 4001 Epist,
749 3953 780 3999 xv,
798 3940 837 3988 22.

224 4004 247 4051 2.
266 4004 333 4066 Sul„
353 4019 385 4064 xv,
402 4007 513 4056 lto-152.

225 4074 248 4122 3.
267 4075 367 4137 Plinius,
382 4077 511 4142 Panegyr.
528 4079 647 4143 Trujcrni,
659 4082 697 4130 53.

225 4146 247 4193 t.
262 4145 363 4212 Epipr„
381 4162 423 4208 vu,
441 4147 480 4199 85.

227 4216 250 4264 5.
268 4216 342 4278 laid,
354 4233 379 4279 n,
396 4221 434 4267 20.
