2916 4934
207 328 238 378 td
590 339 628 383 llll
651 337 887 383 scntvvottlnts

205 448 264 516 sed
289 451 459 539 Chrysippi
484 450 559 517 libri
580 451 621 517 ad
645 451 813 518 hominum
836 451 1009 519 utilitatem
1031 449 1235 538 proficiunt¹.
1250 477 1266 512 »

252 556 287 622 ld
316 558 413 622 etiam
436 558 651 645 periculosius
679 556 873 645 quibusdam
902 557 1114 644 philosophis,
1135 557 1196 624 sub
1211 560 1271 624 Ne-

205 683 297 744 rone,
318 664 517 751 Vespasiano
545 686 581 730 ac
605 654 784 731 Domitiano
810 663 1002 753 prasertim,
1025 664 1188 752 objectum
1206 675 1267 745 est,
1307 695 1312 703 ·

205 770 271 836 sive
294 791 420 852 verum,
453 771 520 837 sive
544 771 624 838 lalso
640 770 810 838 inventum
838 772 961 837 crimen
978 772 1077 852 erat²,
1098 770 1185 859 quod
1209 771 1270 838 sci-

203 875 279 942 licet
297 876 484 964 reipublicae
508 886 629 944 statum
658 877 698 943 ab
726 877 867 964 Augusti
901 877 1072 944 dominatu
1100 888 1267 966 receptum

206 993 430 1065 concuterent,
447 983 629 1071 principum
650 984 877 1050 auctoritatem
901 983 1076 1065 elevarent,
1096 1005 1197 1051 novas
1215 1006 1268 1051 res

203 1089 407 1172 molirentur,
446 1111 531 1156 aurae
565 1090 729 1178 popularis
763 1100 952 1178 appetentes
993 1101 1115 1171 essent,
1149 1112 1185 1157 ac
1210 1093 1267 1178 ju-

202 1218 322 1263 venum
362 1197 502 1278 animos,
544 1196 709 1264 seditiosis
745 1197 959 1278 orationibus,
1000 1196 1158 1264 foverent.
1196 1198 1267 1263 Alia

204 1304 415 1371 Cossutianus
446 1303 596 1385 crimina,
632 1304 718 1391 apud
751 1307 912 1370 Neronem
937 1304 1037 1371 verba
1065 1303 1202 1384 faciens,
1233 1305 1266 1369 in

202 1411 378 1478 Thraseam
393 1410 579 1477 cumulabat
596 1434 603 1476 :
621 1432 692 1477 eum
712 1438 727 1471 a
739 1410 897 1498 principio
910 1411 987 1477 anni
1003 1412 1104 1478 vitare
1121 1411 1266 1477 solemne

197 1517 444 1605 jusjurandum,
460 1517 758 1605 nuncupationibus
775 1527 921 1584 votorum
936 1539 1000 1584 noa
1012 1518 1140 1599 adesse,
1154 1538 1268 1606 quam-

201 1625 250 1691 vis
274 1622 555 1711 quindecimvirali
585 1624 766 1690 sacerdotio
787 1624 974 1712 praeditum3
999 1625 1168 1691 assiduum
1185 1625 1263 1691 olim

202 1741 234 1797 ct
257 1730 473 1811 indefessum,
497 1731 555 1818 qni
579 1730 770 1817 vulgaribus
790 1753 919 1819 quoque
948 1734 1079 1798 Patrum
1109 1732 1265 1798 consultis

202 1847 305 1927 semet
324 1836 484 1905 lavatorem
503 1847 558 1904 aut
574 1837 797 1904 adversarium
821 1837 1021 1920 ostenderet,
1042 1837 1183 1904 triennio
1199 1859 1264 1904 non

200 1941 364 2010 introiisse
393 1943 534 2022 cariam;
559 1944 779 2010 secessionem
800 1945 869 2031 jana
897 1944 943 2025 id,
975 1954 1007 2010 et
1033 1954 1154 2032 partes,
1176 1954 1218 2025 et,
1237 1945 1265 2012 si

200 2050 287 2116 idem
309 2051 403 2117 multi
423 2049 579 2133 audeant,
599 2050 721 2117 bellurn
740 2073 825 2117 esse.
851 2054 908 2131 Te,
927 2054 1022 2131 Nero,
1041 2061 1072 2117 et
1088 2051 1265 2118 Thraseam

200 2157 295 2224 avida
318 2157 555 2223 discordiarum
586 2157 700 2224 civitas
724 2159 881 2246 loquitur.
912 2159 1041 2246 Spernit
1064 2157 1261 2244 religioncs;

200 2262 336 2349 abrogat
360 2263 465 2349 leges.
493 2264 614 2330 Diurna
636 2264 747 2352 populi
770 2264 898 2330 romani
913 2287 971 2353 per
993 2265 1189 2351 provincias,
1207 2286 1265 2352 per

200 2371 359 2437 exercitus
374 2370 541 2456 leguntur,
565 2380 601 2436 ut
618 2382 773 2438 noscatur
797 2372 877 2459 quid
898 2372 1041 2438 Thrasea
1056 2393 1122 2438 non
1136 2371 1261 2438 fecerit.

199 2478 264 2543 Aut
281 2488 486 2543 transeamus
502 2477 542 2543 ad
556 2478 609 2543 illa
632 2477 792 2560 instituta,
811 2480 838 2544 si
853 2479 978 2565 potiora
992 2489 1084 2558 sunt;
1107 2491 1163 2544 aut
1179 2499 1262 2544 nova

199 2583 403 2671 cupientibus
415 2583 582 2650 auferatur
598 2584 662 2651 dux
680 2596 712 2651 et
726 2596 852 2651 auctor.
877 2590 942 2651 lsto
957 2595 1046 2651 secta
1073 2585 1263 2652 Tuberones

199 2693 230 2756 'et
253 2692 423 2769 Favonius,
460 2690 564 2758 veteri
589 2713 720 2780 quoque
749 2692 934 2780 reipublicae
960 2693 1090 2778 ingrato
1113 2691 1261 2772 nomina,

198 2797 323 2884 genuit.
342 2800 381 2863 Ut
391 2797 565 2884 imperium
580 2809 739 2880 evertant,
756 2798 940 2865 libertatem
957 2797 1145 2887 praeferunt.
1161 2800 1262 2864 Frus-

196 2913 246 2969 tra
261 2904 405 2970 Cassium
419 2904 568 2970 amovisti
579 2905 602 2985 ³,
619 2905 646 2971 si
662 2905 799 2992 gliscere
813 2916 844 2971 et
856 2906 964 2992 vigere
974 2907 1147 2972 Brutorum
1163 2926 1263 2972 aemu-

195 3010 243 3076 los
264 3031 420 3098 passurus
435 3010 502 3078 est.
521 3036 537 3074 u
1245 3084 1249 3090 Ι

242 3117 290 3183 llli
304 3117 434 3183 crimini
453 3117 636 3205 proximum
658 3119 827 3187 eratviros
848 3119 954 3185 stoicae
971 3129 1065 3186 sectae
1085 3118 1261 3207 principes,

196 3221 349 3291 inanibus
363 3224 639 3315 disputationibus
651 3225 872 3310 absconditos,
884 3247 1004 3292 nomen
1017 3225 1182 3313 sapientire
1196 3225 1261 3292 otio

196 3329 310 3396 infami
336 3330 550 3418 praetendere,
565 3331 832 3420 philosophorum
853 3332 995 3398 scholam
1018 3342 1054 3398 ut
1075 3332 1136 3397 otii
1156 3329 1263 3398 diocr-

195 3437 321 3502 sorium
346 3436 501 3520 habere⁵,
531 3460 549 3504 a
574 3439 759 3527 reipublicae
787 3438 1067 3506 administratione
1094 3438 1261 3521 secedere,

226 3706 248 3752 l.
267 3706 295 3752 D.
309 3703 415 3761 Cassius,
426 3718 482 3762 arn,
497 3706 535 3753 29.

225 3776 248 3823 2.
267 3775 325 3823 Vide
340 3778 433 3833 Senec,
449 3775 545 3836 Epist,
559 3777 588 3824 '13
608 3791 613 3824 :
636 3796 647 3820 «
662 3778 743 3826 Errare
755 3777 813 3826 mihi
828 3777 946 3836 videntur,
969 3776 1009 3839 qvvi
1029 3776 1164 3827 existimant
1180 3777 1262 3841 philo-

194 3842 285 3906 sophia
301 3844 402 3893 fideliter
416 3843 508 3893 deditos
522 3848 672 3895 contumaces
690 3858 742 3896 esse
760 3860 787 3894 ac
804 3846 963 3902 refractarios,
981 3850 1003 3894 et
1018 3849 1191 3909 contemptores
1210 3862 1261 3897 nra-

193 3913 335 3975 gistratoum
350 3928 377 3963 ac
390 3928 482 3976 regum,
499 3929 620 3977 eorumve,
637 3930 680 3980 per
695 3931 754 3980 quos
770 3917 864 3981 publica
879 3917 1080 3977 administrantur,
1094 3921 1139 3967 etc.
1152 3939 1163 3959 ι»

224 3986 247 4033 3.
265 3985 324 4033 Vide
334 3987 417 4045 Tacit,
432 3987 511 4045 Anu,
525 4001 574 4047 xv1,
589 3990 611 4036 9.

223 4057 246 4104 4.
265 4058 329 4115 Tac,
344 4055 421 4117 ibid,
441 4071 490 4115 xvv,
504 4058 543 4106 22.
558 4059 593 4107 Cf.
609 4061 653 4118 283
668 4073 717 4120 xvv,
729 4060 772 4120 573
789 4063 815 4109 Ι).
832 4062 908 4121 Cass,
922 4076 985 4121 cxvi,
1002 4062 1029 4108 ta
1043 4064 1066 4110 et
1082 4062 1123 4121 l3;
1140 4065 1185 4110 etc.
1199 4061 1260 4111 Vide

191 4138 244 4188 qua
259 4126 318 4175 intra
336 4127 452 4185 dicentur,
467 4129 545 4176 Parte
559 4130 606 4190 lla,
620 4134 632 4189 ξ
646 4132 681 4178 3⁰.

224 4198 246 4247 5.
264 4199 361 4258 Seneca,
376 4198 471 4261 Epist,
491 4199 543 4246 tot.
