2916 4934
486 328 739 382 noutntausoun
763 325 960 373 ulciscaris.

681 851 768 942 §iv

429 1056 489 1118 De
513 1052 701 1119 historiae
727 1052 1015 1133 scriptoribus,

237 1298 377 1366 Historia
391 1298 569 1365 inimicitiis
586 1298 703 1386 saepius
720 1319 832 1366 corum
849 1297 1007 1380 inserviit,
1026 1298 1082 1387 qui
1103 1319 1137 1364 se
1154 1298 1258 1385 impe-

194 1392 337 1472 ratorum
354 1405 585 1472 obtrectatores
601 1426 673 1472 esse
686 1404 865 1493 jactabant.
881 1405 1006 1471 Etenim
1022 1405 1073 1472 vel
1088 1404 1129 1471 ad
1144 1403 1260 1470 defen-

195 1512 351 1591 dendum,
367 1513 416 1579 vel
429 1511 470 1577 ad
485 1511 704 1596 accusandum
715 1511 800 1579 faeta
815 1533 849 1578 se
863 1511 1120 1593 accommodant,
1135 1533 1184 1592 ac,
1201 1532 1259 1598 pro

194 1618 367 1687 scribentis
397 1619 575 1700 voluntate,
605 1619 723 1685 decora
751 1628 807 1685 aut
836 1619 943 1707 turpia
969 1618 1132 1685 videntur.
1163 1618 1259 1707 Apud

194 1726 318 1814 priscos
346 1725 512 1792 annalium
535 1724 733 1807 conditores,
761 1726 866 1813 major
890 1735 959 1792 erat
985 1725 1054 1793 veri
1075 1725 1258 1812 diligentia,

196 1832 271 1920 quia
296 1831 447 1898 factionis
471 1832 592 1898 minus.
622 1831 682 1898 Ubi
704 1853 781 1898 vero
808 1830 894 1898 bella
922 1831 1028 1898 civilia
1054 1842 1259 1914 exarserunt,

196 1940 389 2026 animosque
414 1938 447 2005 in
469 1948 576 2026 partes
599 1937 662 2004 sibi
680 1937 821 2005 invicem
841 1937 1080 2004 infensissimas
1100 1937 1261 2005 distraxe-

196 2057 285 2126 runt,
310 2045 430 2111 veritos
452 2058 540 2110 retro
563 2044 646 2111 adiit
654 2045 677 2127 ¹,
702 2044 878 2133 multisque
903 2065 981 2110 cura
1004 2044 1065 2111 fuit
1085 2054 1122 2111 ut
1144 2065 1197 2110 res
1219 2044 1261 2109 ad

197 2161 291 2218 sectae
303 2173 368 2218 sua
381 2150 512 2218 laudem
526 2151 758 2218 deformarent.
770 2153 893 2239 Neque,
906 2162 1078 2240 postquam
1093 2153 1263 2237 Augustus

198 2258 307 2324 omnia
328 2279 405 2347 pace
426 2258 620 2347 composuit,
646 2258 730 2324 [acta
753 2257 878 2325 sineere
907 2258 1025 2346 scripta
1049 2270 1136 2339 sunt,
1161 2278 1262 2346 quum

189 2360 278 2431 'alios
298 2363 440 2431 adulatio
464 2385 562 2453 prava
586 2365 740 2446 traheret,
766 2364 846 2431 alios
870 2364 1006 2431 offensio
1030 2364 1064 2430 in
1087 2365 1262 2452 principes

198 2475 346 2558 Insuper,
367 2470 534 2559 republica
551 2472 735 2552 immutata,
758 2471 913 2559 pleraque
929 2471 1065 2553 occulte,
1082 2473 1116 2537 in
1132 2471 1265 2538 secretis

198 2577 431 2664 imperatorum
455 2578 610 2659 consiliis,
633 2578 687 2665 agi
710 2587 897 2666 ooeperunt3
917 2578 993 2644 hino
1014 2577 1135 2644 factum
1160 2587 1267 2644 estut

200 2683 412 2772 scriptoribus
429 2684 636 2751 historiarum
658 2705 724 2751 non
745 2685 923 2773 plurimum
945 2684 1145 2751 auctoritatis
1170 2683 1267 2750 adde·

200 2800 301 2871 retur,
318 2790 406 2857 velut
429 2812 496 2857 non
514 2792 593 2857 satis
610 2792 740 2877 cognita
757 2791 980 2873 narrantibus
999 2813 1035 2859 ac
1052 2792 1153 2857 multa
1168 2791 1266 2877 vulgo

200 2896 412 2977 referrentur,
437 2919 508 2986 quae
530 2903 615 2964 fucta
640 2919 706 2964 non
734 2899 876 2965 essent².
905 2900 1065 2978 Ceterum,
1087 2919 1154 2964 non
1182 2897 1267 2986 apud

200 3013 338 3085 vetereS,
361 3014 397 3070 ut
421 3003 508 3092 apud
527 3024 599 3085 nos,
619 3004 822 3093 inquirendae
846 3005 988 3072 veritatis
1004 3006 1215 3093 precipuum,
1234 3004 1268 3071 in

201 3109 300 3177 rebus
323 3109 516 3193 scribendis,
545 3110 689 3178 studium
714 3121 801 3192 erat;
830 3111 887 3178 sed
914 3112 1105 3200 plerumque
1136 3112 1271 3178 historia

202 3216 383 3284 habebatur
397 3228 433 3283 ut
450 3217 588 3284 aiterum
611 3216 776 3307 quoddam
796 3218 989 3305 eloquentiae
1009 3239 1127 3305 genus,
1145 3218 1271 3284 affecta-

201 3322 362 3412 baturque
384 3324 491 3410 magis
521 3324 675 3391 narrandi
700 3335 869 3407 venustem,
893 3347 991 3413 quam
1025 3345 1134 3391 rerum
1161 3325 1270 3391 incor-

202 3439 297 3518 rupta
313 3429 394 3497 fides
404 3430 427 3496 ³.

248 3539 356 3603 Certos
368 3547 516 3604 auctores
526 3537 685 3604 habemus
697 3538 842 3626 priorum
851 3539 1013 3604 Caesarum
1023 3537 1271 3626 Flaviormnque

203 3641 371 3709 historiam
393 3643 445 3709 vel
468 3642 637 3731 obsequio,
660 3644 711 3710 vel
735 3644 783 3711 ira
803 3664 887 3732 sape
910 3654 1094 3732 corruptam
1110 3665 1196 3711 esse.
1214 3646 1274 3711 Ta-

204 3749 288 3817 citus
315 3749 416 3817 semel
435 3759 532 3839 atque
556 3749 688 3831 iterum,
717 3771 794 3817 suos
817 3750 965 3817 Anticlea
991 3761 1087 3839 atquc
1108 3751 1273 3819 Historias

165 4033 167 4036 ,
240 3991 263 4038 1.
282 3989 371 4038 Seneca
386 3987 483 4051 philos,
502 3987 562 4037 Vita
573 3989 671 4052 patria.

238 4061 260 4106 2.
280 4059 323 4109 Dio
338 4059 443 4120 Cassius,
454 4073 502 4118 nn,
517 4061 554 4107 19.
571 4059 606 4108 Cf.
621 4059 706 4121 Tacit,
721 4061 830 4121 Histoe,
841 4074 858 4120 1,
874 4063 896 4121 1,
910 4060 970 4110 infra
984 4060 1024 4110 cit.

239 4129 262 4178 3.
280 4131 338 4193 Cic,
355 4130 390 4178 De
402 4129 517 4194 Lepidus,
533 4145 549 4190 1,
565 4132 593 4190 23
607 4131 713 4192 Brutos,
729 4134 771 4193 11;
785 4135 830 4181 etc.
845 4131 880 4182 Cf.
896 4130 1006 4192 Quintil,
1022 4146 1046 4192 x,
1062 4134 1084 4191 1,
1097 4133 1124 4180 31
1142 4148 1149 4182 :
1167 4152 1178 4176 «
1192 4131 1272 4182 Histo-

208 4199 242 4249 ria
255 4205 291 4250 est
305 4201 410 4266 proxima
424 4201 513 4264 poesis,
525 4205 548 4251 et
562 4201 663 4264 quodam
676 4202 745 4252 modo
761 4202 867 4252 solutum
881 4215 984 4252 carmen.
1000 4222 1012 4246 »
