2916 4934
327 366 391 412 CUM
415 366 596 412 hauriretis
618 366 854 414 subternatans
877 369 913 414 Sll
935 365 1126 413 crassantur.
1225 351 1259 406 73

193 481 232 544 m
257 500 357 567 quum
383 479 483 546 Pollio
512 479 662 546 diceret:
696 505 712 541 ιι
736 480 770 547 Si
792 480 903 569 jubes,
930 481 1045 559 Caesar,
1078 476 1188 544 statim
1215 474 1260 540 illi

195 612 211 648 u
239 585 334 651 dorno
359 608 431 652 mea
457 585 660 652 interdicam.
682 625 727 636 —
748 590 813 654 Hoc
833 608 898 668 me,
915 587 1031 674 inquit,
1051 594 1145 672 putas
1161 582 1262 648 lactu·

196 718 213 754 n
239 713 326 773 rum,
351 714 453 781 quum
473 714 535 780 ego
560 715 618 760 vos
642 694 675 759 in
700 693 839 780 gratiam
865 691 1077 760 reduxerim?
1099 715 1116 754 n
1143 693 1261 757 Fuerat

196 799 283 864 enim
310 799 485 888 aliquando
510 799 681 886 Timageni
705 800 805 866 l‘cllio
829 801 944 881 iratus,
966 806 1023 864 nec
1046 797 1144 863 ullam
1164 795 1261 890 aliam

195 905 354 973 habuerat
368 927 500 974 causam
512 906 697 989 desinendi,
713 929 811 995 quam
827 906 914 995 quod
933 909 1036 973 Caesar
1052 904 1222 992 creperat¹.
1242 912 1257 962 ti

239 1013 307 1078 Etsi
328 1015 509 1099 Augustus
536 1034 594 1100 per
618 1034 774 1100 magnam
799 1013 870 1081 ritae
889 1024 1028 1102 partem,
1056 1011 1173 1077 miram
1193 1009 1261 1075 ‘im-

196 1118 332 1206 perandi
351 1119 609 1186 moderationem
632 1121 743 1187 multis
764 1120 892 1187 indiciis
916 1118 1069 1200 ostendit,
1091 1118 1118 1184 is
1136 1128 1258 1196 tamen,

197 1235 290 1292 aetate
314 1227 385 1314 jam
410 1248 493 1314 pene
520 1226 654 1301 fractus,
685 1226 856 1293 hominum
883 1226 1082 1314 experientia
1107 1235 1138 1291 et
1164 1223 1260 1290 taedio

198 1343 364 1414 contusus,
386 1333 605 1420 quorumdum
626 1332 700 1400 odio
722 1333 911 1422 inexpiabili
926 1343 1105 1421 asperatus,
1121 1334 1262 1400 Maecena
1278 1377 1280 1382 -

198 1439 332 1527 insuper
358 1449 389 1506 et
417 1441 560 1527 Agrippa
590 1450 694 1506 morte
726 1425 902 1528 ademptis.
931 1461 970 1506 ex
995 1439 1049 1505 illa
1075 1437 1261 1511 felicissima

197 1546 297 1612 animi
318 1545 570 1613 mansuetudine
596 1546 730 1635 paulum
746 1547 877 1629 excidit,
904 1557 999 1635 atque
1015 1547 1049 1612 in
1064 1554 1209 1612 oratores
1225 1564 1262 1609 ac

198 1652 370 1740 scriptores
390 1674 456 1719 non
478 1652 655 1720 clementer
675 1654 752 1740 egit,
775 1654 856 1720 adeo
876 1664 912 1720 ut
931 1656 1054 1743 Seneca
1072 1652 1181 1719 rhetor
1195 1671 1262 1716 non

197 1752 359 1825 immerito
380 1759 498 1826 dixerit
523 1785 539 1822 a
565 1782 602 1826 eo
623 1761 739 1826 sacculo
759 1761 966 1847 ingeniorum
986 1763 1097 1847 peenas
1113 1759 1260 1845 caepisse,

198 1887 263 1955 quo
284 1877 315 1931 et
328 1867 462 1953 ingenia
480 1867 664 1933 desierunt²
679 1893 711 1932 n.
734 1868 881 1934 Ovidium
897 1868 984 1932 enim
1005 1869 1123 1932 Tomos
1139 1856 1263 1950 relega-

197 1973 254 2054 vit,
271 1958 442 2060 propterea
456 1973 543 2062 quod
562 1975 672 2040 nescio
692 1973 770 2063 quid
786 1973 1012 2061 imprudentia
1030 1971 1259 2051 commisisset,

197 2089 326 2167 tresque
348 2080 426 2147 artis
446 2081 609 2172 amatoriae
630 2081 763 2162 librosl,
783 2080 900 2147 abhinc
916 2080 1029 2147 decem
1048 2079 1157 2160 annis,
1175 2098 1263 2144 eom·

198 2186 371 2273 posuisset.
389 2190 423 2253 ln
437 2188 583 2254 Cassium
599 2209 728 2276 quoque
743 2190 899 2255 Severum
913 2197 945 2254 et
959 2187 1066 2253 Titum
1081 2185 1260 2252 Labienum

198 2292 312 2359 durius
337 2294 577 2375 animadvertit,
600 2295 649 2362 vel
670 2316 787 2383 passus
810 2304 860 2361 est
883 2304 1032 2361 senatum
1055 2290 1263 2358 animadver-

197 2409 277 2466 tere.
301 2403 344 2466 Nc
371 2412 481 2467 tamen
508 2402 781 2468 inhumanitatem
804 2401 946 2488 Augusti
971 2401 1070 2466 nimis
1099 2399 1260 2485 increpes,

198 2508 459 2595 operaepretium
478 2508 538 2574 erit
558 2509 658 2575 Cassii
676 2517 708 2575 et
721 2507 857 2575 Labieni
872 2508 1071 2575 calamitates
1096 2504 1186 2571 haud
1200 2504 1263 2570 ini-

198 2634 279 2701 quas
295 2615 475 2681 accuratius
491 2617 638 2703 exsequi.

241 2720 386 2787 Cassium
402 2723 559 2789 Severum
578 2723 661 2788 inter
678 2743 734 2788 eos
749 2721 806 2810 qui
821 2720 956 2808 ingenio
970 2729 1002 2792 et
1016 2718 1180 2799 facundia,
1196 2718 1263 2784 Αιι-

198 2828 287 2912 gusti
309 2827 523 2916 temporibus,
546 2829 686 2894 maxime
707 2828 956 2916 praecelluerunt
974 2847 1042 2893 non
1061 2836 1183 2892 temere
1202 2846 1262 2913 po-

199 2934 333 3000 suerim.
366 2935 564 3023 Eloquentia
598 2935 665 3002 vias
696 2955 797 3001 noras
820 2943 1008 3022 aperuerat;
1035 2933 1058 3000 ii
1087 2933 1184 2999 etiam
1207 2930 1263 3020 qui

197 3041 301 3106 eitam
330 3041 550 3130 maleficam&
583 3042 667 3109 sales
691 3041 839 3121 acerbos
866 3051 897 3107 ct
921 3039 1162 3106 immodestiam
1186 3059 1262 3105 ver·

197 3147 312 3214 borum
340 3148 448 3214 Cassio
474 3148 724 3236 exprobrabant,
752 3168 816 3215 non
840 3146 1061 3214 initiabantur
1088 3167 1162 3213 cum
1185 3165 1261 3212 vere

198 3265 361 3321 oratorem
391 3254 506 3337 luisse,
539 3265 636 3344 atque
658 3256 692 3321 in
717 3275 756 3321 ec
782 3254 943 3342 praecipue
958 3252 1137 3320 laudabant
1156 3272 1262 3338 genus

197 3360 326 3428 dicendi
340 3360 458 3428 ardens
472 3370 504 3428 et
519 3362 727 3443 concitatum,
747 3361 928 3427 orationem
942 3359 1071 3426 lacertis
1089 3359 1260 3438 valentem,

196 3467 452 3556 ingentibusque
479 3468 608 3556 plenam
635 3468 823 3552 sententiis3
850 3468 957 3554 magis
984 3465 1131 3554 placebat
1153 3465 1186 3530 in
1212 3463 1263 3530 his

200 3595 271 3663 quae
287 3596 326 3641 ex
341 3584 486 3662 tempore
502 3559 700 3656 inveniebat,
723 3596 820 3663 quam
842 3575 875 3641 in
895 3574 944 3640 his
965 3594 1036 3662 qua
1052 3582 1164 3660 parata
1179 3580 1265 3637 attu-

198 3681 291 3748 lerat.
309 3682 351 3747 At
364 3681 414 3749 vir
434 3692 503 3748 erat
517 3683 610 3770 cujus
631 3682 817 3770 eloquentia
833 3680 1026 3768 gladiatoria
1041 3679 1149 3767 potius
1165 3697 1264 3766 quam

231 3959 253 4006 l.
272 3959 369 4016 Seneca,
381 3958 419 4006 Dc
434 3958 484 4017 lru,
501 3973 533 4017 ιιι,
548 3960 586 4006 23.

231 4029 254 4076 2.
274 4029 404 4088 Contrua,
418 4043 441 4087 v,
458 4029 538 4091 l'raef.

231 4100 253 4147 3.
272 4099 353 4148 Sidou.
370 4099 458 4162 Apoll,
474 4101 571 4159 Canna,
584 4114 652 4159 ιιιιιι,
670 4099 712 4148 lar
724 4113 776 4161 sqq.
785 4113 791 4160 ;
803 4101 830 4148 Α.
848 4097 935 4158 Victor,
949 4098 1028 4161 upa,
1042 4100 1066 4158 l;
1081 4096 1159 4158 ona,
1177 4095 1262 4154 Perat,

199 4169 237 4227 lV,
254 4183 304 4226 xm,
321 4170 363 4229 l‘2;
379 4170 464 4229 teht,
477 4184 502 4229 ιι,
515 4171 568 4229 207,
584 4172 628 4218 etc.

234 4241 255 4287 l.
273 4241 449 4300 Tacit.,Amr.,
465 4255 495 4300 iv,
512 4242 550 4288 21.
