2916 4934
490 397 744 452 Hoululssusuuu
768 399 964 447 alterutris.
1226 389 1257 440 17

192 533 229 579 ac
245 533 303 579 suo
320 511 468 600 exemplo
485 509 611 600 equites
628 531 781 578 romanos
798 511 933 578 incitare
948 522 984 579 ut
997 510 1127 600 publica
1144 510 1257 577 munia

164 618 415 712 despicerent,
451 617 518 699 vel,
559 617 763 684 consulatum
801 619 1008 707 majoresque
1046 619 1257 706 magistratus

193 726 339 813 adeptos,
376 725 529 812 deinceps
558 734 708 791 senatum
737 725 900 808 deserere,
932 725 1036 792 hortis
1069 735 1100 791 et
1128 723 1259 813 praediis

194 853 288 899 curas
304 832 438 899 daturos
448 832 471 897 ¹.

238 939 382 1026 Denique
409 938 677 1026 philosophorum
703 938 831 1004 tristior
856 961 895 1004 oc
919 938 1101 1027 paedopopi
1125 938 1257 1004 cirillus*

194 1045 366 1113 videbatur
383 1043 518 1133 publicae
540 1043 686 1111 felicitati
706 1044 875 1113 insultare.
900 1046 1000 1112 Prisci
1020 1045 1176 1133 temporis
1191 1046 1260 1112 lau-

196 1151 324 1219 datores
344 1161 449 1232 erant,
462 1150 632 1239 praesentis
648 1151 897 1239 vituperatores,
913 1153 1022 1218 emnia
1040 1151 1258 1240 deplorantes,

196 1259 314 1349 quibus
337 1284 353 1320 n
368 1257 458 1324 nulla
475 1279 539 1324 non
559 1279 658 1324 causa
676 1258 710 1324 in
725 1258 874 1346 querelas
888 1257 1053 1346 placebat³
1071 1285 1102 1325 ».
1125 1261 1166 1327 Os
1188 1281 1260 1327 mo-

194 1386 306 1432 rosum
320 1364 533 1452 habitumque
550 1386 568 1430 a
583 1375 766 1431 ceterorum
784 1364 1032 1431 dissentientem
1052 1365 1258 1448 affectabant,

196 1472 290 1561 quasi
318 1471 451 1559 reliquis
482 1470 670 1537 hominibus
698 1470 812 1537 luxum
838 1482 870 1539 et
891 1471 1055 1539 lasciviam
1086 1472 1261 1560 exprobra-

197 1589 281 1645 rent.
303 1579 440 1644 Theatra
454 1587 485 1643 et
500 1576 645 1645 convivia
661 1576 851 1665 plerumque
871 1578 1015 1646 vitabant
1029 1600 1036 1660 ;
1053 1580 1115 1661 vel,
1133 1580 1161 1646 si
1178 1578 1259 1646 forte

198 1684 390 1774 spectaculis
409 1683 573 1765 adessent,
589 1705 645 1750 ecs
662 1683 757 1772 pallio
772 1683 938 1773 barbaque
955 1687 1109 1774 sepultos,
1131 1688 1164 1752 iu
1188 1708 1261 1775 gra-

199 1792 329 1859 vitatem
345 1791 552 1879 compositos,
566 1811 639 1857 raro
651 1790 827 1858 victoribus
839 1804 1062 1880 assurgentes,
1073 1815 1141 1860 non
1159 1794 1257 1876 ludis,

199 1899 256 1966 sed
281 1898 450 1966 funeribus
476 1899 634 1964 interesse
659 1896 853 1980 credideris;
878 1920 980 1987 eaque
1006 1921 1067 1966 vox
1095 1899 1258 1987 proverbii

198 2006 306 2073 locum
324 2004 515 2072 obtinebat:
537 2029 553 2066 «
568 2003 775 2092 philosophos
797 2004 831 2070 in
852 2005 998 2073 convivio
1018 2005 1102 2072 male
1123 2027 1208 2087 esse,
1224 2016 1261 2072 ut

200 2133 314 2179 canem
329 2112 363 2178 in
378 2111 528 2177 hatneot.
546 2138 561 2171 a
577 2111 611 2177 ld
626 2131 702 2177 vero
720 2111 815 2177 malis
827 2111 1029 2200 principibus
1044 2111 1260 2200 injucundum

200 2229 280 2299 erat,
309 2219 496 2306 crimenque
516 2237 686 2303 magnum,
720 2216 780 2283 sub
803 2219 940 2301 Nerone,
967 2218 1165 2307 philosophis
1186 2218 1258 2295 luit,

200 2325 287 2415 quod
302 2324 392 2392 vultu
405 2333 534 2390 austero
546 2333 577 2389 et
586 2323 671 2389 tristi
682 2324 752 2410 ejus
762 2323 915 2392 libidines
926 2325 1025 2392 veluti
1036 2327 1258 2393 accusarent⁵.

244 2431 359 2498 Multas
383 2430 485 2517 igitur
506 2451 620 2497 causas
641 2429 852 2518 imperatores
871 2431 1060 2514 afferebant,
1079 2454 1136 2499 cur
1155 2433 1261 2522 philo-

199 2538 346 2626 sophiam
367 2558 482 2625 parum
507 2536 677 2624 probatam
699 2536 867 2604 haberent.
894 2541 1050 2605 Maecenas
1076 2539 1145 2627 ipse
1174 2540 1262 2606 diee-

198 2643 294 2710 batur
305 2645 453 2731 Augusto
467 2643 608 2710 suasisse
625 2664 678 2724 ne,
692 2654 809 2730 praeter
823 2646 945 2710 Areum
958 2655 989 2711 et
1000 2644 1259 2727 Athenodorum,

198 2750 413 2838 philosophis,
455 2758 612 2837 tanquam
649 2748 833 2836 reipublicae
865 2749 1060 2831 exitialibus,
1100 2750 1259 2832 laveret⁸3

199 2867 295 2946 atque
326 2856 517 2944 Agrippina,
553 2865 589 2921 ut
619 2855 752 2943 quidem
781 2857 867 2944 apud
901 2857 1093 2923 Suetonium
1127 2858 1259 2943 legitur,

197 2968 358 3032 Neronem
378 2985 397 3029 a
417 2962 581 3050 sapientiae
602 2961 770 3050 disciplina
790 2963 1004 3044 deterruerat,
1028 2984 1167 3030 monens
1190 2985 1261 3030 eam

202 3099 218 3134 «
244 3073 441 3159 imperaturo
466 3068 661 3135 contrariam
684 3094 716 3150 n,
743 3090 780 3135 ac
808 3070 892 3135 male
917 3069 1067 3136 sedulum
1094 3071 1262 3158 negotium

201 3177 306 3245 esse'.

231 3412 253 3457 l.
272 3407 362 3466 Quint,
374 3421 407 3461 xi,
421 3408 442 3465 l,
456 3406 499 3464 35;
514 3407 578 3464 Tac,
593 3406 718 3465 ilict.,1v,
733 3409 759 3465 53
774 3407 854 3465 Aoo,
869 3420 919 3465 xvi,
935 3407 964 3452 22
980 3410 1002 3456 et
1017 3407 1101 3467 2131).
1119 3408 1196 3467 Cass,
1208 3421 1263 3467 exn,

198 3479 381 3538 26;nxvn,13.
397 3477 433 3526 el.
451 3478 543 3536 senec,
557 3477 616 3538 Ep„
634 3478 676 3537 193
690 3479 718 3525 A.
735 3476 832 3536 Gellius,
850 3491 899 3536 nin,
916 3476 945 3536 8;
962 3481 1006 3526 etc.

230 3553 252 3598 2.
269 3552 345 3610 Suet,
363 3550 437 3608 Nero,
453 3549 490 3597 at.
508 3547 543 3596 Cl.
558 3548 649 3607 Quint,
665 3563 681 3604 ι,
697 3549 792 3611 Praef.,·
810 3563 851 3608 xn,
865 3549 887 3606 3,
905 3550 947 3607 123
971 3548 1088 3610 Simplic,
1111 3549 1264 3608 Commeat,

200 3619 224 3670 in
234 3634 286 3683 cap.
299 3634 381 3680 xxxii,
396 3618 478 3678 Tacit,
494 3618 573 3677 Aoo„
589 3633 638 3676 nv,
656 3618 698 3678 163
713 3633 762 3678 xvi,
777 3621 806 3666 22
819 3622 842 3668 et
856 3618 902 3680 28;
918 3619 1009 3678 Senes,
1023 3618 1118 3681 Epist,
1135 3620 1187 3668 123.

231 3693 254 3740 3.
273 3692 370 3750 Seneca,
387 3690 424 3740 De
440 3687 645 3752 Tranquillitute
658 3688 749 3749 ooimt,
763 3691 786 3739 t.

232 3766 255 3812 l.
271 3762 378 3821 Luciam,
394 3763 496 3819 Paroa,
513 3761 551 3808 el.

235 3836 258 3882 5.
275 3835 351 3892 Suet,
364 3832 440 3891 Nero,
454 3831 498 3891 313
513 3832 576 3890 Tac,
590 3829 670 3890 Aoo„
686 3845 735 3891 xvi,
749 3832 787 3879 22.

233 3907 256 3953 6.
273 3906 300 3953 D.
316 3905 392 3962 Cass,
405 3917 445 3963 nu,
463 3902 502 3950 36.

234 3976 258 4023 Ἰ.
276 3975 353 4035 Suet,
367 3973 444 4035 loto,
460 3975 503 4033 523
518 3971 643 4031 Philocte,
659 3972 718 4020 Vita
732 3972 828 4036 Apoll,
845 3975 928 4034 1v‚35.
944 3973 979 4021 Cf.
996 3972 1064 4023 Vale.
1081 3973 1173 4034 Gallie,
1190 3974 1266 4023 Actio.

206 4046 289 4105 Cosa,
306 4046 349 4106 13;
365 4045 452 4109 capit,
468 4046 565 4093 Arcton.
580 4041 657 4104 Phil,
674 4044 712 4092 23.

640 4243 841 4254 ..ι-----ι
