2916 4934
521 965 932 1079 CONCLUSIO

238 1591 436 1681 Philosophi,
460 1594 595 1660 Neronis
621 1593 802 1682 praesertim
821 1602 918 1682 atque
938 1592 1170 1682 imperatorum
1189 1595 1261 1664 Fla-

194 1701 322 1767 viorum
340 1699 469 1784 diebus,
490 1700 733 1768 vehementiore
745 1699 853 1768 studio
868 1721 906 1767 ac
921 1721 1037 1789 parum
1053 1701 1203 1769 modesta
1217 1702 1259 1769 li·

194 1806 319 1874 bertate
339 1807 373 1873 in
392 1809 532 1874 Caesares
561 1816 749 1896 eruperunt.
777 1806 909 1874 Dicendi
927 1817 1153 1896 preceptores
1179 1808 1258 1876 dum

195 1914 280 1980 inter
298 1913 474 2002 discipulos
502 1913 696 1996 declamant,
720 1915 754 1980 in
778 1925 940 2002 tyracceos
958 1913 1146 1982 debacchati
1170 1925 1258 1999 sunt,

195 2020 392 2109 nominaque
411 2022 501 2087 Bruti
528 2029 560 2088 et
587 2020 730 2104 Catonis,
757 2020 958 2109 principibus
978 2019 1103 2104 odiosa,
1133 2021 1260 2090 incom-

193 2126 291 2193 mcde
316 2136 548 2208 retractarunt3
565 2148 671 2217 neque
690 2129 725 2194 in
740 2137 856 2194 senatu
873 2136 1029 2210 oratores,
1047 2135 1103 2195 aut
1121 2128 1155 2194 in
1165 2128 1261 2217 judi-

194 2234 252 2301 ciis
268 2233 424 2301 causidici
438 2234 538 2303 verba
551 2234 719 2317 iacientes
741 2234 971 2302 abstinuerunt
985 2233 1064 2324 quin
1084 2235 1123 2301 de
1140 2244 1261 2324 poten-

193 2338 281 2408 tibus
295 2341 397 2407 multa
407 2349 529 2408 temere
537 2342 696 2429 jacerent.
714 2343 827 2409 livero
843 2341 960 2430 quires
971 2349 1081 2428 gestas
1093 2343 1261 2412 memoria

194 2447 408 2529 tradiderunt,
438 2447 481 2514 ita
509 2447 627 2516 infesto
649 2470 733 2537 saepe
752 2448 893 2517 liberove
919 2448 1028 2516 animo
1049 2457 1120 2516 acta
1147 2451 1262 2540 populi

193 2553 333 2636 romani,
353 2555 562 2643 virorumque
578 2554 753 2621 illustrium
767 2554 867 2623 vitam
891 2557 1102 2645 scripserunt,
1120 2565 1158 2624 ut
1172 2555 1263 2647 apud

194 2661 405 2751 imperatores
418 2661 632 2727 offensionem
646 2660 860 2749 susceperint,
881 2661 1061 2729 mendaciis
1076 2683 1143 2729 non
1157 2663 1263 2730 semel

193 2767 322 2838 veritati
354 2767 519 2834 admixtis.
553 2765 667 2833 Libelli
703 2767 896 2856 probrorum
928 2768 1028 2856 pleni,
1063 2777 1262 2838 testamenta

193 2874 332 2957 famosa,
348 2874 649 2941 maledicentissimi
661 2873 796 2961 dialogi,
813 2873 954 2962 epistolae
964 2874 1045 2942 fictae
1056 2877 1260 2966 mentitaque

195 2981 300 3049 edicta
315 2992 371 3048 aut
392 2991 525 3048 senatus
549 2981 696 3048 consulta
720 2980 1043 3049 circumferebantur.
1065 2985 1128 3050 Res
1146 2992 1261 3051 tamen

193 3088 354 3177 praecipue
369 3087 526 3156 adversus
542 3090 682 3155 Caesares
694 3088 894 3155 carminibus
905 3099 976 3156 acta
987 3098 1047 3156 est.
1059 3091 1140 3156 Nam
1154 3090 1262 3179 quoti-

194 3195 291 3262 diana
313 3195 562 3284 epigrammata,
592 3196 770 3283 menippeae
798 3196 915 3274 satirae,
940 3206 1064 3284 arguta
1088 3197 1260 3266 cantilena

191 3302 397 3391 improbique
413 3302 565 3370 versiculi
586 3324 642 3390 per
658 3300 827 3368 doctorum
842 3301 980 3369 circulos
1003 3303 1259 3390 evulgabantur,

194 3420 251 3477 aut
277 3410 311 3475 in
335 3409 474 3497 publicis
502 3408 725 3475 monumentis
740 3407 1041 3496 proscribebantur,
1068 3412 1104 3476 ln
1131 3410 1261 3479 theatro

193 3538 335 3606 quoque,
347 3516 402 3583 ubi
412 3516 566 3582 effrenata
578 3526 664 3582 esset
676 3515 871 3581 histrionum
885 3514 1028 3598 licentia,
1037 3515 1259 3585 acerbissimis

193 3623 336 3690 dicteriis
354 3622 518 3712 principes
530 3622 686 3710 fatigatos
699 3642 771 3688 esse
787 3643 827 3688 ex
841 3621 976 3689 historia
991 3621 1190 3711 accepimus.

238 3730 406 3810 Quomodo
418 3751 495 3797 vero
511 3751 545 3796 se
559 3730 772 3817 imperatores
785 3748 860 3795 cum
873 3728 1084 3817 scriptoribus
1097 3731 1263 3817 gesserint

194 3836 273 3904 satis
289 3836 519 3904 disseruimus.
543 3839 655 3922 Longa
680 3844 729 3902 est
749 3835 980 3923 suppliciorum
998 3835 1109 3917 serice,
1127 3857 1202 3926 quae
1220 3837 1261 3906 de

193 3941 344 4009 litteratis
368 3941 555 4009 horninibus
581 3950 709 4030 sumpta
737 3951 824 4008 sunt.
848 3944 888 4009 Ut
916 3962 971 4010 eos
998 3942 1086 4009 enim
1112 3944 1264 4013 omittam

193 4049 312 4139 quibus
332 4071 398 4115 una
410 4059 535 4116 tantum
552 4069 647 4136 poena
666 4048 728 4115 fuit
746 4047 896 4115 interdici
911 4047 1123 4116 contubernio
1139 4060 1172 4117 ct
1184 4072 1265 4119 con-

192 4156 281 4226 victu
313 4157 458 4238 Caesaris
488 4156 539 4223 vel
567 4154 732 4244 prohiberi
761 4154 937 4244 quominus
963 4176 1023 4223 sua
1050 4156 1199 4226 carmina
1228 4159 1265 4227 in
