2916 4934
488 337 741 392 HOMINIBUSQUE
766 337 963 384 LITTERATIS.
1224 329 1257 379 21

193 465 291 521 tanus
312 452 469 520 Votienus
494 462 613 532 orator,
640 451 737 516 bomo
761 460 970 538 perargutus,
996 471 1072 517 reus
1097 460 1166 518 erat
1189 472 1260 517 ma·

191 560 334 650 jestatis,
368 558 454 647 quod
477 569 589 625 eontra
615 557 782 625 Tiberium
806 559 920 646 plenos
952 557 1167 625 convitiorum
1196 579 1261 625 ser·

196 688 311 734 mones
331 665 511 732 habuisset.
540 669 574 731 ln
600 686 699 732 causa
724 676 892 753 promptus
911 674 960 731 est
981 664 1074 731 testis
1095 665 1260 749 AEmiliuS,

195 775 301 855 miles,
331 775 397 840 oris
419 772 566 860 ingenui,
593 783 813 861 praetereaque
835 772 954 838 adhoc
978 771 1168 854 instructus,
1194 794 1260 839 non

195 891 261 948 tam
278 890 314 947 ut
328 884 516 946 Montanum
532 879 741 968 opprimeret,
758 900 856 968 quam
870 888 907 945 ut
920 877 1098 966 prinoipem
1114 878 1258 946 lederet.

196 990 304 1068 Quum
323 987 408 1052 enim
427 986 579 1075 praelatus
595 995 682 1051 esset
697 1007 743 1066 se,
761 1006 818 1073 pro
836 1006 926 1051 more
940 984 1084 1062 militari,
1105 985 1261 1073 ambages

195 1094 387 1175 missurum,
412 1103 443 1159 et
460 1093 528 1160 sine
550 1091 624 1159 fuco
642 1101 674 1158 et
693 1091 828 1158 fallaciis
848 1113 919 1179 quae
941 1092 1153 1179 comperisset
1170 1092 1261 1159 locu-

196 1211 321 1282 turum,
343 1200 534 1286 singulatim
559 1198 731 1269 maledicta
751 1208 783 1265 et
806 1197 925 1286 probra
944 1220 1015 1287 quae
1035 1201 1207 1265 Montanus
1227 1201 1261 1266 in

196 1306 364 1373 Tiberium
391 1307 560 1393 injecerat,
587 1305 764 1392 diligenter
787 1315 977 1394 persecutus
1004 1316 1064 1373 est.
1098 1308 1136 1371 Mt
1158 1327 1262 1394 quan-

197 1434 295 1502 quam
315 1412 546 1502 obstrepebant
563 1412 673 1494 aulici,
690 1412 855 1500 perditum
871 1413 942 1499 jam
956 1412 1115 1499 pudorem
1130 1433 1267 1499 gemen-

196 1532 258 1602 teS,
275 1520 488 1609 Tiberiusque
506 1519 678 1598 fremebat,
695 1529 805 1586 tamen
826 1541 897 1585 eam
916 1519 1129 1606 ignominiam
1151 1542 1262 1587 susce-

196 1627 243 1716 pit
261 1637 308 1708 ut,
333 1648 442 1693 coram
463 1627 680 1707 senatoribus,
703 1624 830 1692 audiret
851 1626 1063 1693 contumelias
1088 1625 1207 1716 quibus
1227 1628 1262 1693 in

199 1733 322 1800 occulto
341 1732 556 1800 lacerabatur.
571 1734 729 1799 Votienus
750 1733 883 1821 quidem
899 1732 941 1798 ad
954 1753 1066 1821 poenas
1082 1734 1262 1821 majestatis

198 1840 371 1907 damnatus
394 1849 455 1920 est,
477 1839 604 1907 vulneri
625 1839 779 1927 principis
798 1838 928 1905 imbelle
951 1839 1146 1905 remedium.
1163 1842 1261 1927 AEgre

195 1947 298 2035 ipsius
327 1947 454 2013 animos
482 1946 624 2012 adulatio
655 1955 686 2012 et
713 1966 827 2033 preces
863 1945 1042 2012 amicorum
1068 1946 1272 2034 placarunt3‘

197 2063 331 2120 senatus
352 2074 429 2120 vero
451 2053 575 2121 vitandi
591 2051 763 2119 consilium
785 2051 880 2140 cepit,
901 2073 942 2119 ne
960 2073 1057 2119 voces
1078 2051 1260 2134 liberiores,

198 2181 270 2249 quae
282 2161 327 2227 ibi
343 2160 460 2249 saepius
475 2160 583 2247 ipsum
598 2158 819 2239 offendebant,
834 2159 1047 2247 inposterum
1062 2160 1261 2247 pateretur¹.

241 2266 302 2333 Vix
321 2265 457 2332 dubium
476 2277 526 2333 est
540 2267 618 2354 quin
635 2286 757 2352 magna
771 2286 847 2353 pars
863 2276 1026 2332 oratorum
1042 2287 1081 2332 ex
1097 2265 1263 2332 rhetorum

197 2373 365 2461 praeceptis
381 2372 541 2440 libertatis
558 2393 704 2439 amorem
719 2372 918 2439 hausissent.
936 2372 1036 2439 Certis
1057 2373 1145 2439 enim
1165 2372 1264 2440 docu-

196 2479 316 2546 mentis
336 2488 538 2567 oompertum
561 2478 720 2546 babemus
737 2479 857 2545 multos
878 2500 917 2545 ex
938 2479 1046 2545 latinis
1063 2479 1260 2561 rhetoribus

197 2587 252 2675 qui
268 2595 342 2653 ante
359 2585 549 2666 Quintiliani
563 2596 711 2674 tempora
730 2586 928 2666 claruerunt,
944 2584 1148 2652 declamandi
1163 2584 1262 2653 liber-

196 2702 261 2759 tate
294 2691 442 2780 insignes
470 2692 586 2759 fuisse.
621 2691 811 2759 Scholastioi
840 2693 951 2779 gregis
984 2691 1078 2758 facile
1113 2693 1264 2780 princeps

198 2802 320 2867 Seneca
343 2800 450 2887 major
467 2798 657 2888 frequenter
677 2799 711 2865 in
731 2820 785 2866 ore
808 2797 949 2865 habebat
968 2799 1166 2880 Ciceronem,
1192 2801 1265 2866 Cas-

198 2906 282 2973 sium
297 2908 467 2988 Severum,
484 2906 683 2973 Cremutium
704 2904 855 2987 Cordum,
871 2908 1070 2971 Mamercum
1090 2907 1262 2988 Scaurum,

196 3011 382 3101 potentibus
393 3012 515 3079 invisos
529 3021 585 3078 aut
598 3012 751 3079 molestos
761 3013 785 3078 ².
801 3011 997 3099 Timagenes
1012 3011 1153 3078 historiae
1166 3012 1265 3101 serip-

195 3129 258 3200 tor,
276 3118 427 3207 idemque
446 3118 576 3185 dicendi
591 3119 759 3206 magister,
778 3129 908 3207 propter
923 3118 1159 3185 amarulentam
1177 3119 1265 3186 dica-

196 3226 339 3307 citatem,
357 3234 389 3292 et
404 3225 488 3292 sales
505 3224 624 3313 quibus
642 3225 804 3292 orationes
820 3246 896 3292 suas
911 3225 1133 3313 respergebat,
1154 3225 1264 3293 cathe-

197 3330 256 3397 dra
271 3331 423 3398 decidit³.
442 3332 533 3398 Titus
546 3331 722 3414 Labienus,
740 3341 775 3398 nt
790 3332 847 3421 qui
865 3332 1110 3420 «pompeianos
1131 3333 1263 3421 spiritus

199 3437 345 3505 nondum
369 3437 403 3503 in
427 3459 505 3526 pace
527 3438 691 3527 posuisset
716 3465 748 3520 »,
774 3437 950 3504 immodica
979 3437 1128 3505 libertate
1155 3439 1264 3505 decla-

198 3543 350 3628 mabat&
383 3545 509 3611 Cestius
539 3545 628 3627 Pius,
661 3543 929 3612 mordacissimus
964 3544 1087 3627 rhetor,
1127 3546 1263 3634 ejusque

197 3649 303 3718 dictus
325 3650 440 3716 similes
463 3649 692 3738 Argentarius,
714 3651 790 3739 quia
812 3650 964 3718 omnibus
981 3651 1151 3719 insistebat
1166 3652 1262 3719 Cestii

229 3929 250 3977 1.
266 3928 348 3987 Tacit,
361 3926 471 3986 Arenae,
483 3941 516 3987 rv,
528 3929 566 3976 42.

223 4000 251 4047 ’2.
272 4000 436 4048 (lantranci
457 3997 574 4056 Sceneos,
586 4001 696 4062 possim.

225 4072 247 4118 3.
266 4070 362 4130 Suidas,
376 4084 395 4118 e.
412 4084 449 4124 v.‚·
468 4071 532 4129 Son,
548 4070 679 4131 Contrua,
703 4087 726 4132 v,
743 4073 786 4130 34ς
804 4071 877 4130 Plut,
902 4073 938 4118 De
959 4069 1039 4119 Adai.
1061 4073 1087 4119 et
1106 4071 1194 4132 orteia,
1216 4073 1261 4133 273

196 4139 280 4189 Sebol.
293 4140 327 4189 od
340 4142 403 4189 Hor.
418 4139 476 4202 Ep,
493 4142 509 4199 l,
523 4155 573 4199 xix,
590 4143 627 4190 lo.
639 4169 668 4178 -
681 4142 738 4193 Vide
750 4142 819 4203 inira,
835 4145 911 4191 l’orte
926 4143 972 4204 Ma,
989 4144 1050 4204 §2⁰.

227 4213 249 4260 l.
266 4212 362 4271 Seneca,
380 4212 511 4270 Controe,
528 4226 551 4271 v,
570 4212 651 4274 Pras.
