2916 4934
255 324 289 375 28
639 336 677 381 nn
699 333 938 382 scrtrrromnos

254 466 442 536 quanquam
458 448 607 514 nonnulli
622 447 1071 536 conjectarnnthunclibrum
1083 447 1169 513 adid
1181 447 1323 512 maxime

254 552 411 639 scripturn
435 575 520 638 esse,
550 565 586 621 ut
614 555 787 623 Domitiani
816 553 1024 644 tyrannidem
1051 554 1229 620 incusaret.
1255 556 1322 620 Hoc

254 659 389 747 quidem
417 681 482 726 non
517 662 747 749 approbamus.
783 663 949 743 Attamen,
990 661 1228 751 qualecumque
1264 659 1325 726 luit

256 765 357 832 Taciti
378 767 564 850 consilium,
585 768 665 834 nihil
693 768 837 856 profecto
865 769 972 855 magis
1000 767 1173 834 bornitiani
1197 764 1324 834 nomini

255 882 365 939 notam
387 873 505 941 inussit
525 875 680 956 infamiae,
702 896 800 963 quam
821 875 904 942 liber
926 896 1047 942 aureus
1069 875 1135 955 ille,
1158 895 1222 963 quo
1245 895 1324 940 con·

256 979 372 1067 spicias
402 982 590 1048 consulares
614 983 789 1048 acervatim
813 982 949 1063 occisos,
977 981 1103 1048 nobiles
1126 980 1266 1048 feminas
1289 980 1324 1046 in

255 1087 406 1153 exsilium
427 1099 526 1169 actas,
554 1089 715 1155 delatores
738 1089 849 1176 spoliis
874 1088 1037 1158 bonorum
1060 1088 1177 1156 divites
1205 1087 1320 1165 factos,

254 1193 361 1260 virum
380 1194 553 1261 Britanniae
573 1195 728 1263 victorem
746 1195 964 1283 eumdemque
986 1195 1220 1277 ordinatorem,
1244 1194 1322 1260 ulti-

256 1320 327 1367 mos
350 1322 453 1367 annos
477 1302 606 1368 silentio
621 1323 658 1369 ac
679 1301 823 1369 tenebris
848 1312 1084 1383 transeuntem,
1109 1323 1150 1368 ne
1170 1301 1319 1389 principi,

257 1408 364 1474 omnis
382 1408 489 1475 meriti
506 1409 629 1490 invido,
647 1418 819 1497 suspectus
834 1409 1048 1496 infensusque
1061 1408 1164 1475 fieret.

301 1513 438 1592 Quidam
467 1537 505 1582 ex
537 1515 631 1582 Plinii
657 1515 800 1603 junioris
836 1516 949 1582 anricis
979 1515 1093 1582 ordine
1122 1515 1323 1604 perscribere

256 1629 397 1709 caeperat
419 1621 553 1695 exitium
575 1643 687 1688 eorum
710 1643 791 1710 quos
811 1625 895 1689 Nero
918 1632 1022 1689 morte
1038 1622 1089 1690 vel
1105 1622 1218 1688 exsilio
1241 1622 1325 1688 mul·

256 1736 409 1794 ctaverat.
426 1731 548 1794 Ferunt
562 1749 614 1795 res
629 1728 669 1794 ab
684 1730 754 1815 ipso
771 1739 918 1796 exaratas
933 1729 1035 1796 fuisse
1048 1728 1234 1815 diligenter,
1253 1729 1323 1795 sine

255 1833 430 1900 verborum
446 1834 581 1916 ambitu,
598 1856 748 1902 serrnonc
763 1858 845 1924 puro
861 1857 898 1902 ac
909 1837 1049 1902 sincero.
1062 1839 1132 1903 lam
1143 1846 1209 1902 tres
1222 1834 1323 1902 libros

256 1941 454 2024 absolverat;
484 1943 624 2009 necdum
645 1943 751 2030 operis
776 1943 851 2009 finis
877 1953 957 2009 erat.
982 1945 1027 2010 Eo
1050 1965 1155 2032 usque
1176 1944 1321 2010 animum

256 2070 354 2136 opera
374 2049 550 2117 distentum
569 2048 721 2132 habebat,
740 2060 775 2116 ut
795 2060 904 2132 noctu,
927 2071 985 2137 per
1001 2052 1179 2132 somnium,
1197 2049 1259 2116 sibi
1277 2050 1326 2118 vi·

256 2155 333 2221 dere
352 2155 440 2222 visus
464 2157 505 2222 sit
522 2157 683 2222 beronem
709 2155 896 2222 cubiculum
918 2156 1126 2239 subeuntem,
1154 2157 1323 2224 sedentem

256 2262 291 2327 in
310 2261 405 2345 lecto,
433 2284 469 2329 ac
495 2261 595 2329 libros
624 2264 783 2350 singulos
814 2262 854 2329 dc
882 2263 986 2351 ipsius
1007 2263 1184 2331 sceleribus
1204 2263 1321 2344 editos,

258 2368 515 2436 devolventem¹.

288 2593 310 2639 1.
327 2591 423 2652 Plinius,
444 2593 536 2656 Epist„
550 2608 573 2653 v,
590 2596 612 2641 ὅ.
629 2593 664 2643 Cl.
678 2608 726 2655 rut,
743 2595 780 2641 ta.
