2916 4934
338 368 404 414 CUM
428 366 607 413 MALEVOLlS
627 365 861 412 SCRIPTORIBUS
883 366 919 411 Sll
941 366 1130 413 otissntttrtr.
1229 357 1260 408 71

198 479 449 569 intemperantia
459 479 864 567 dominandiprohiberet3
878 500 953 545 nam
967 480 1105 568 simplici
1118 491 1150 546 et
1162 480 1265 546 libero

198 608 349 654 sermone
363 586 449 675 apud
466 586 646 675 principem
661 586 709 651 uti
722 586 848 666 solitus,
863 585 894 652 ei
914 585 1080 653 dictitabat
1098 607 1104 653 :
1128 611 1144 648 «
1159 589 1264 667 Quum

198 692 279 760 forte
300 693 335 760 in
356 715 393 760 eo
412 693 488 775 eris,
508 695 620 774 Caesar,
645 703 679 759 nt
698 692 793 759 alicui
813 703 844 759 te
865 691 1040 760 offendenti
1056 714 1262 774 succenseas

199 800 280 867 'nibil
301 801 391 888 prius
410 799 531 866 dixeris
551 809 608 866 aut
628 800 747 887 egeris,
764 821 861 888 quam
881 810 990 867 tecum
1009 810 1148 889 quatuor
1168 810 1201 866 et
1221 800 1265 867 vi-

200 908 282 994 ginti
308 906 464 974 orationis
488 906 613 973 litteras
635 905 747 973 ordine
771 907 942 975 volveris¹.
961 932 978 970 r>
1004 907 1166 990 Tiberius,
1188 893 1267 974 tunc

195 1015 326 1101 juvenis
358 1035 395 1080 ac
422 1024 530 1080 mente
557 1012 725 1094 fervidior,
751 1034 810 1101 per
836 1013 1004 1101 epistolam
1033 1024 1168 1103 questus
1198 1024 1267 1081 erat

199 1120 340 1188 famosos
368 1120 494 1187 libellos
527 1118 798 1208 omnimodasque
828 1121 1042 1188 contumelias
1073 1121 1190 1188 Caesari
1220 1121 1266 1187 la-

197 1226 274 1294 bem
293 1227 436 1308 inferre3
463 1227 642 1313 ingementi
665 1228 835 1314 Augustus
854 1227 899 1294 ita
918 1226 1107 1315 rescripsit:
1134 1252 1150 1289 a
1165 1229 1264 1294 AEtati

198 1344 274 1416 tuae,
291 1335 337 1400 mi
356 1333 477 1416 Tiberi,
494 1333 560 1400 noli
581 1333 614 1399 in
634 1333 693 1399 hac
717 1355 752 1399 re
772 1332 955 1420 indulgere,
974 1344 1004 1400 et
1023 1333 1161 1400 nimium
1180 1334 1264 1401 indi-

198 1441 293 1527 gnari
314 1461 513 1530 quemquam
537 1461 609 1506 esse
628 1441 684 1528 qui
703 1439 743 1506 de
763 1461 815 1507 me
837 1441 920 1507 male
937 1441 1104 1529 loquatur;
1121 1442 1198 1508 satis
1216 1452 1266 1508 est

199 1548 299 1629 enim,
318 1548 345 1614 si
357 1547 418 1614 hoc
433 1546 605 1626 babemus,
622 1568 663 1613 ne
679 1546 752 1635 quis
765 1547 859 1614 nobis
872 1548 956 1614 male
969 1547 1076 1615 facere
1091 1550 1224 1636 possiti.
1243 1574 1260 1613 u

240 1654 371 1720 Nullum
386 1653 452 1721 fere
471 1654 597 1742 reperio
616 1653 772 1720 indicium
789 1676 852 1743 quo
872 1654 1002 1742 probari
1016 1654 1120 1743 possit
1133 1656 1265 1742 Augus-

197 1770 280 1844 tum,
306 1761 426 1828 multos
453 1782 511 1850 per
535 1781 651 1842 annos,
677 1761 897 1847 cognitionem
922 1761 1036 1828 haberi
1057 1761 1197 1849 jussisse
1224 1763 1263 1829 de

200 1868 327 1956 scriptis
342 1867 519 1956 probrosis,
537 1888 609 1955 quae
629 1868 663 1933 in
678 1867 812 1934 domum
828 1889 920 1934 suam
937 1867 1204 1955 conjiciebantur,
1222 1889 1263 1935 ne

198 1975 238 2065 iis
258 1973 390 2063 quidem
410 1973 576 2062 requisitis
595 1973 777 2040 libellorum
793 1973 992 2055 auctoribus,
1010 1973 1049 2040 de
1071 1995 1105 2041 se
1125 1975 1262 2042 incuria

198 2082 268 2170 ipsa
281 2102 480 2169 sparsorum,
498 2079 579 2147 adeo
593 2090 627 2147 ut
639 2089 761 2146 tantam
778 2081 930 2169 principis
945 2080 1133 2168 patientiam
1148 2102 1262 2148 omnes

198 2187 427 2255 mirarentur³.
449 2190 495 2253 Ex
517 2197 563 2254 tot
587 2187 798 2275 scriptoribus
820 2209 857 2254 ac
880 2187 996 2275 poetis,
1023 2208 1163 2276 quorum
1178 2188 1262 2276 jocis

197 2295 379 2384 petebatur,
407 2294 582 2361 Suetonius
607 2303 733 2361 tantum
760 2294 799 2360 de
822 2294 918 2362 Junio
946 2297 1067 2362 Novato
1100 2296 1260 2378 meminit,

198 2401 334 2490 pecunia
348 2401 515 2481 mulctato,
531 2400 630 2489 quod,
649 2401 798 2488 Agrippae
810 2401 941 2489 juvenis
956 2401 1100 2484 nomine,
1118 2401 1262 2469 acerbis·

197 2508 312 2574 simam
338 2507 378 2574 de
403 2506 546 2596 principe
567 2507 736 2595 epistolam
761 2507 795 2574 in
818 2508 937 2595 vulgus
960 2507 1151 2575 edidissem.
1183 2510 1260 2576 Sero

196 2624 318 2697 tamen,
336 2624 517 2680 commotus
533 2613 751 2702 quorumdam
767 2614 903 2682 audacia
920 2614 976 2703 qui
990 2614 1077 2682 viros
1093 2636 1130 2682 ex
1144 2616 1263 2704 primo-

196 2721 287 2788 ribus
315 2719 551 2808 prosciderant,
573 2720 700 2788 censuit
728 2746 745 2783 a
770 2721 1033 2808 cognoscendum
1057 2723 1192 2810 posthac
1220 2723 1261 2788 de

195 2826 235 2894 iis
252 2828 308 2916 qui
327 2827 453 2894 libellos
469 2837 525 2894 ant
540 2827 685 2894 earmina
700 2826 741 2893 ad
761 2827 929 2894 infamiam
945 2829 1140 2916 cujuspiam,
1155 2828 1261 2896 alieno

194 2933 339 3012 nomine,
356 2933 454 3001 edant
467 2957 475 3016 ;
490 2955 596 3023 neque
617 2945 727 3000 tamen
741 2932 781 3000 de
797 2933 975 3001 inhibenda
990 2944 1260 3002 testamentorum

194 3039 324 3106 licentia
339 3039 517 3129 quidquam
533 3061 551 3106 a
566 3050 682 3107 senatu
696 3040 848 3107 constitui
862 3040 967 3107 totila
983 3067 1000 3104 t>

237 3149 284 3212 Ex
299 3146 448 3233 graculis
462 3146 524 3213 illis
540 3145 682 3228 disertis,
704 3147 760 3236 qni
776 3146 816 3213 ab
831 3148 980 3233 Augusto
992 3146 1169 3214 liberaliter
1183 3147 1261 3215 hos-

194 3253 272 3341 pitio
288 3252 544 3340 excipiebantur,
562 3274 599 3320 ae
619 3253 753 3321 domum
774 3253 950 3342 palatinam
973 3252 1090 3321 studiis
1109 3254 1261 3321 omnibus

196 3369 227 3426 et
252 3359 367 3426 litteris
395 3358 565 3442 ornabant,
590 3360 803 3448 Timagenem
825 3359 925 3428 fnisse
949 3360 1058 3427 ferunt
1076 3359 1261 3428 alexandri-

196 3487 289 3547 num,
315 3466 479 3533 rhetorem
508 3466 558 3534 his
582 3466 783 3555 temporibus
811 3466 1131 3555 praestantissimum,
1159 3467 1263 3534 histo-

227 3744 250 3792 t.
269 3741 341 3801 Plut,
357 3739 469 3805 Apopbt.
490 3743 568 3806 Aug,
584 3743 607 3791 l.
628 3741 663 3791 Cf.
685 3745 713 3792 D.
735 3744 811 3803 Cass,
828 3757 875 3804 cvr,
892 3744 935 3804 433
956 3741 1053 3801 Julian,
1076 3742 1197 3805 Caesarea,
1218 3745 1261 3804 223

193 3815 286 3872 Zenon,
301 3811 409 3872 Annei„
425 3827 449 3873 x,
465 3812 503 3862 38.

223 3885 246 3932 2.
266 3886 341 3943 Suet,
359 3883 457 3944 Oetae,
472 3887 510 3932 at.

226 3955 249 4003 3.
267 3954 379 4014 Macrob,
391 3954 457 4013 Sat,
473 3969 499 4015 11,
515 3956 528 4003 l
543 3970 548 4003 :
564 3975 575 3998 «
588 3953 658 4005 Soleo
672 3954 696 4004 in
706 3957 812 4017 Augusto
823 3956 898 4018 inagis
913 3956 992 4006 mirari
1002 3969 1062 4019 quos
1077 3957 1174 4020 pertulit
1183 3957 1260 4020 jocos,

194 4035 264 4087 quam
280 4039 340 4088 quos
360 4024 467 4089 protulit.
478 4045 489 4069 υ
508 4026 544 4075 Gt.
560 4025 642 4086 tacit,
662 4027 818 4087 Annat.,1v,
835 4029 877 4087 ttl;
897 4029 980 4078 Senee.
994 4029 1075 4088 thet,
1090 4027 1220 4089 Contrua,
1235 4044 1260 4088 r,

195 4097 273 4160 Proef.

223 4169 246 4215 t.
270 4167 330 4216 Vita
345 4168 410 4228 Oet,
422 4170 460 4216 at.

224 4237 246 4287 5.
267 4237 342 4297 Ibid,
357 4238 394 4287 53.
411 4238 445 4286 Cl.
459 4240 525 4297 Tae,
541 4238 620 4299 dure,
635 4239 706 4299 1,·12;
720 4240 747 4288 D.
764 4240 839 4300 Cass,
854 4256 900 4301 uxr,
912 4242 950 4290 rt.
