2916 4934
343 373 408 419 uult
432 372 611 423 ultuvutts
634 371 869 422 scalrrcaluus
891 373 927 419 SE
950 372 1138 419 uussualtlr.
1242 365 1274 419 93

213 489 417 571 allatrabant,
444 511 479 556 ac
503 489 662 575 Diogenes
684 489 717 554 iu
746 489 907 556 theatrum
932 488 1083 558 veniebat
1104 489 1274 555 homiuum

209 596 391 686 frequentia
404 596 572 674 refertum,
591 597 734 664 conuicia
752 597 785 662 in
802 618 856 663 eos
871 619 1036 664 evomens.

253 704 344 784 Quod
360 727 435 774 vcro
452 705 553 771 multo
577 705 709 791 grauius
726 714 806 788 erat,
824 705 884 772 riri
899 705 1121 772 honestissimi
1144 727 1180 771 ac
1196 727 1270 794 pro-

207 812 381 895 batissimi,
415 813 552 879 multum
583 811 669 901 apud
699 813 861 881 civitatem
891 813 1036 881 valentes
1068 813 1269 895 auctoritate,

208 942 355 1010 quosque
378 920 514 988 Neronis
534 919 656 988 invidia
678 919 857 988 sanctiores
884 920 1015 1003 iecerat,
1035 921 1272 1009 ,Vespasianum

206 1028 393 1117 importuna
421 1027 602 1095 temeritate
632 1027 916 1096 consectabantur.
947 1028 1103 1096 Hostilius
1136 1028 1270 1117 quidam

207 1135 304 1203 unius
319 1145 524 1224 potestatem,
550 1145 584 1202 ut
604 1135 789 1224 reipublicae
805 1136 965 1219 nocivam,
989 1135 1217 1225 impugnabat,
1235 1157 1272 1202 ac

207 1253 334 1332 recepto
351 1264 459 1311 rerum
487 1242 583 1310 statui
598 1242 686 1309 haud
704 1243 929 1311 convenientia
947 1243 1141 1311 disserebat.
1158 1247 1272 1311 [leme-

206 1349 287 1417 trius
316 1372 446 1440 quoque
474 1350 612 1439 principi
644 1372 710 1419 non
741 1351 946 1438 assurgebat,
983 1374 1019 1419 ac
1046 1360 1270 1418 transeuntem

206 1458 344 1525 salutare
379 1458 628 1546 dedignabatur.
668 1458 797 1526 Priscus
824 1459 1002 1542 Helvidius,
1031 1459 1268 1548 Vespasianum
1324 1497 1329 1506 -

205 1568 339 1632 Romam
353 1587 543 1653 regressum
559 1587 575 1632 e
592 1565 685 1654 Syria
699 1567 824 1654 privato
837 1576 965 1634 tantum
985 1568 1117 1634 nomine
1131 1565 1267 1646 vocavit,

206 1675 298 1762 quasi
321 1696 395 1742 eum
411 1683 548 1762 negaret
562 1697 633 1742 esse
649 1675 890 1764 imperatorem,
906 1685 1002 1764 atque
1017 1675 1104 1742 illius
1119 1674 1269 1763 potestati

206 1803 269 1848 non
287 1793 426 1871 pareret.
445 1788 475 1849 ls
491 1805 509 1849 a
524 1783 662 1872 pueritia
680 1783 712 1849 in
729 1783 829 1850 stoica
843 1782 1014 1871 disciplina
1028 1793 1184 1864 versatus,
1203 1803 1269 1848 ma·

204 1890 424 1979 gnauimoque
454 1891 580 1979 spiritu,
609 1900 642 1957 at
670 1892 725 1980 qui
744 1890 838 1956 farum
857 1889 1058 1978 appetentior
1081 1911 1152 1957 esse
1176 1888 1268 1956 vidc-

204 1996 322 2080 rctur¹,
345 1997 494 2065 Thrasea
521 1998 625 2065 soceri
648 1997 803 2087 loquendi
826 1997 1010 2064 libertatem
1040 1995 1265 2079 aemulabatur,

203 2125 315 2192 parum
329 2113 520 2193 opportune,
536 2126 635 2195 quum
644 2105 863 2193 Vespasianus
876 2105 972 2192 louge
983 2103 1267 2171 Neroniahsimilis

204 2221 308 2294 esset3
325 2234 431 2301 neque
450 2213 592 2279 Thrasea
610 2214 643 2279 in
660 2216 819 2280 Neronem
836 2212 1013 2302 quidquam
1034 2211 1266 2279 contumeliose

202 2317 327 2387 dixerat
343 2318 532 2407 relegerat,
551 2319 606 2386 sed
622 2320 776 2410 principis
796 2319 940 2387 facinora
955 2330 987 2386 et
1003 2320 1125 2407 llagitia
1139 2328 1265 2386 tantum

201 2426 337 2515 probare
353 2427 518 2510 noluerat3
540 2436 572 2494 at
587 2428 753 2495 Helvidius
768 2429 966 2516 Vespasiano
983 2427 1109 2494 debitos
1125 2427 1264 2494 honores

201 2532 397 2621 denegabat,
415 2556 463 2618 ac,
479 2536 628 2624 quamvis
639 2545 754 2625 praetor
770 2546 868 2618 esset,
886 2536 920 2602 in
934 2537 1001 2603 suis
1015 2534 1128 2602 edictis
1142 2534 1263 2601 nullam

202 2640 243 2708 de
261 2642 455 2730 imperatore
471 2644 670 2710 mentionem
686 2643 839 2726 habehat,
862 2642 1107 2732 concitabatque
1123 2641 1262 2731 plebem.
1288 2638 1289 2641 ’

200 2750 267 2815 lma
283 2749 516 2837 Vespasianum
539 2750 574 2816 in
593 2759 707 2817 senatu
722 2751 986 2818 altercationibus
1002 2749 1265 2817 insolentissimis

200 2855 420 2940 adoriebatur,
444 2857 488 2924 ita
513 2867 549 2924 ut
570 2857 622 2924 ille
643 2857 810 2947 quondam
833 2879 849 2924 c
871 2859 959 2925 curia
977 2857 1132 2924 conlusus
1148 2855 1261 2938 exiret,
1314 2912 1316 2916 .

200 2984 236 3029 ac
252 2963 373 3031 dicerct
393 2986 399 3031 :
423 2989 441 3028 a
453 2967 517 3032 Aut
534 2965 614 3032 mihi
634 2987 728 3032 meus
750 2965 835 3041 lilius
854 2986 1020 3033 successor
1036 2966 1097 3032 erit
1111 2965 1143 3031 iu
1160 2964 1264 3053 impe-

199 3069 297 3153 rium,
314 3081 370 3138 aut
382 3074 514 3139 nemo².
537 3100 554 3137 u

242 3181 315 3246 Haec
328 3179 461 3268 quidem
476 3181 532 3248 uio
546 3202 582 3247 ac
598 3181 786 3249 Suetonius.
801 3184 876 3262 Quae
890 3182 917 3249 si
933 3203 1007 3249 vera
1018 3192 1093 3248 sunt
1104 3181 1128 3264 ³,
1145 3183 1265 3269 Vespa·

200 3286 322 3369 sicana,
340 3289 488 3376 quamvis
502 3288 657 3357 adversus
673 3289 808 3377 injurias
823 3289 949 3378 patiens
970 3299 1067 3371 esset,
1084 3309 1262 3377 omnesque

198 3393 364 3461 moderate
383 3405 546 3478 tractaret,
573 3418 640 3463 non
661 3396 765 3485 potuit
793 3406 906 3464 tamen
928 3407 964 3464 ut
982 3397 1092 3464 hostes
1115 3394 1261 3485 publicos

197 3521 263 3567 non
284 3501 404 3569 habere
426 3503 609 3572 Helvidium
632 3515 822 3594 ceterosque
849 3506 920 3593 ejus
937 3504 1131 3592 arrogantiae
1152 3503 1261 3570 imita-

194 3616 293 3691 tores,
312 3610 366 3698 qui
382 3632 415 3678 se
431 3612 635 3679 turbulentos
656 3634 692 3679 ac
705 3633 863 3681 novarum
880 3634 989 3679 rerum
1002 3612 1147 3679 lautores
1162 3611 1261 3700 proti-

197 3714 360 3784 tebantur.
388 3719 557 3787 Mucianus
578 3730 746 3809 praterea,
765 3721 822 3810 qui
846 3720 985 3810 principi
1009 3718 1208 3787 fortissimus
1228 3718 1262 3784 in

194 3823 352 3911 capiendo
364 3825 501 3914 imperio
516 3827 646 3915 adjutor
658 3827 775 3910 iuerat,
791 3828 861 3916 ejus
873 3827 1018 3894 animum
1033 3825 1262 3916 aphilosophis

225 3996 246 4040 l.
266 3994 302 4043 Cf.
319 3995 403 4051 Tacit..
419 3996 526 4058 llistor,
543 4013 574 4056 rr,
591 4000 613 4047 6.

226 4067 248 4114 2.
268 4068 344 4126 Suet,
363 4068 446 4131 Vespa,
462 4071 499 4118 lt.

224 4137 245 4186 3.
265 4137 290 4185 ld
304 4151 360 4186 vero
375 4152 417 4189 nos
431 4139 456 4187 in
469 4139 630 4202 suspicionem
646 4139 735 4189 inducit
748 4153 773 4190 ea
788 4154 832 4190 non
848 4140 916 4205 plane
933 4155 985 4194 esse
1000 4154 1065 4201 vera,
1081 4142 1143 4204 quod
1156 4140 1259 4201 Tacitus,

193 4221 240 4257 nau
254 4208 379 4258 factiosam
394 4211 576 4272 contumaciam,
592 4211 633 4260 sed
647 4213 812 4262 tantummodo
826 4214 896 4276 paulo
908 4213 1111 4263 immodestiorem
1124 4212 1259 4264 libertatem

194 4277 217 4326 in
233 4278 343 4330 Helvidio
356 4280 517 4344 reprehendit.
