2916 4934
345 333 410 379 CUM
433 332 613 382 ultuvotts
635 333 870 384 scateroatsstts
893 337 928 384 Sll
951 337 1141 387 cassantur.
1242 329 1275 383 85

211 445 411 530 discrimine,
427 449 578 537 praesenti
590 449 698 517 animo
714 472 792 518 usus
808 460 857 518 est
872 462 904 519 et
918 452 1067 520 consilio.
1083 453 1167 521 Nihil
1182 453 1270 522 enim

211 555 288 622 Afer
307 556 512 638 contradixit,
530 579 635 646 neque
657 579 691 625 se
711 558 868 641 defendit,
894 558 952 627 scd
972 560 1191 649 eloquentiam
1211 563 1276 630 Caii

211 684 245 730 se
262 662 384 746 mirari,
406 673 503 753 atque
520 674 681 732 oratorem
697 666 803 754 magis
828 688 927 756 quam
956 670 1112 736 Caesarem
1128 678 1274 737 metuere

210 771 381 854 simulans,
416 771 507 838 humi
540 794 574 840 se
599 773 783 861 prostravit,
821 774 1080 865 Caligulamque,
1116 786 1273 866 tanquam

209 878 338 946 dicendi
348 879 529 947 maximum
539 879 747 968 magistrum,
760 881 918 950 adoravit.
934 882 1028 951 Caius
1039 904 1115 952 vero
1126 885 1272 972 gavisus

208 996 362 1076 ratusque
374 987 546 1054 Domitium
558 1010 576 1055 a
590 1010 623 1056 se
635 988 750 1056 orandi
759 989 934 1058 virtutibus
947 1001 1148 1080 superatum,
1163 994 1272 1060 statim

209 1094 249 1160 ab
268 1095 317 1161 ira
331 1094 484 1162 resedit¹.

252 1202 382 1270 Claudio
398 1203 585 1292 imperatori
600 1226 706 1294 neque
722 1205 868 1289 affectus,
890 1227 997 1294 neque
1015 1205 1090 1273 odia
1106 1206 1139 1273 iu
1154 1228 1270 1295 quem-

208 1331 305 1398 quam
333 1310 438 1394 foere,
468 1311 532 1378 nisi
558 1309 666 1378 inclito
681 1325 713 1379 et
729 1313 861 1402 jusso².
884 1311 1031 1380 Timidus
1060 1314 1268 1403 etignarior,

206 1417 390 1486 valetudine
406 1441 520 1508 perum
543 1420 647 1502 firma,
665 1420 821 1488 uxoribus
840 1432 872 1489 et
884 1421 1010 1488 libertis
1024 1420 1169 1509 parebat,
1188 1443 1271 1511 quo-

205 1547 277 1593 rum
298 1536 378 1592 nutu
393 1526 613 1614 praefecturas,
638 1528 839 1597 exercituum
855 1528 1003 1617 imperia,
1022 1528 1175 1612 honoreS,
1193 1551 1270 1618 sup-

204 1633 299 1721 plicia
315 1655 442 1723 quoque
455 1644 487 1701 et
498 1636 609 1702 venias
624 1635 762 1723 largitus
774 1637 855 1703 estl.
873 1637 968 1703 Plura
980 1647 1090 1704 tamen
1103 1635 1269 1704 moderate

205 1749 237 1806 et
260 1741 435 1808 clementer
450 1742 536 1824 fecit,
555 1744 682 1832 quoties
705 1743 755 1811 sui
775 1744 859 1832 juris
881 1743 953 1811 fuit.
979 1743 1021 1810 lis
1036 1743 1182 1811 liberatis
1198 1745 1267 1834 qui,

204 1869 302 1915 causa
325 1849 518 1938 majestatie,
542 1850 722 1918 incarcere
752 1851 992 1933 detinebantur,
1027 1850 1212 1939 Pupionem
1237 1863 1269 1919 et

207 1954 366 2024 Gladium
395 1957 464 2045 igni
492 1957 650 2040 abolevit;
681 1959 713 2025 hi
741 1980 818 2027 vero
847 1969 941 2027 erant
966 1957 1102 2039 indices,
1136 1958 1170 2025 in
1201 1959 1267 2026 Caii

183 2054 336 2131 'secretis
362 2065 494 2154 reperti,
527 2065 567 2132 de
594 2066 671 2134 viris
697 2065 878 2134 illustribus
908 2087 989 2155 quos
1019 2065 1163 2153 Caligula
1193 2067 1265 2133 neci

202 2170 452 2240 destinaverat.
504 2247 507 2252 ,

246 2280 362 2348 llultos
377 2291 485 2348 tamen
497 2282 578 2372 ipse,
591 2304 656 2373 prae
667 2282 767 2349 nimia
778 2282 880 2350 animi
891 2281 1122 2365 imbecillitate,
1133 2281 1261 2364 occidit,

201 2387 252 2454 vel
265 2388 367 2455 occidi
381 2409 497 2478 passus
519 2391 601 2458 est⁵.
622 2391 656 2458 Si
672 2412 769 2480 quem
785 2392 871 2458 enim
889 2392 960 2480 ejus
976 2390 1084 2457 liberti
1098 2389 1263 2479 perditum

199 2495 363 2578 volebant,
389 2497 607 2585 periculorum
636 2508 723 2566 metu
749 2498 778 2566 ei
800 2500 930 2589 injecto,
955 2498 1142 2565 facultatem
1171 2520 1253 2587 quos

198 2602 316 2670 vellent
334 2605 542 2673 interimendi
561 2605 771 2695 accipiebant,
793 2605 896 2674 donce
916 2605 1097 2689 Claudium,
1112 2605 1174 2672 sibi
1191 2607 1264 2672 red-

197 2711 313 2794 ditum,
332 2713 407 2780 facti
422 2714 604 2802 poeniteret.
624 2715 706 2782 Satis
723 2723 849 2782 constat
871 2714 949 2804 quid
965 2713 1005 2780 de
1025 2714 1135 2781 Silano
1153 2724 1261 2781 actum

197 2821 249 2902 sit,
267 2821 545 2909 quemadmodum
558 2822 731 2889 Messalina
746 2833 778 2890 et
795 2823 974 2904 Narcissus,
988 2843 1022 2909 re
1040 2822 1218 2910 composita
1230 2833 1262 2889 et

197 2929 342 3018 partibus
354 2930 438 2996 inter
451 2929 575 3012 divisis,
590 2929 823 2997 affirmaverint
836 2930 910 3012 sibi,
925 2930 1130 3017 persomnia,
1146 2929 1261 2998 obver-

195 3047 302 3109 satum
331 3059 403 3105 esse
431 3038 577 3105 Silanum
606 3037 743 3126 principi
770 3058 888 3105 manus
914 3036 1121 3120 inferentem,
1153 3037 1197 3104 ita
1225 3047 1261 3104 ut

197 3145 348 3213 Claudius
366 3145 602 3214 tremebundus
624 3167 699 3213 eum
725 3144 833 3213 statim
855 3144 896 3212 ad
914 3155 1054 3213 mortem
1078 3144 1257 3233 adigeretl.

227 3392 247 3439 l.'
266 3393 293 3439 l).
310 3390 385 3449 Cass,
405 3389 458 3438 loco
475 3392 519 3439 cit.
536 3390 570 3439 Cf.
589 3392 683 3448 zonae,
698 3388 806 3449 Annei,
827 3403 859 3447 xi,
875 3391 897 3437 5.
912 3415 940 3424 -
952 3386 1073 3437 Defunctis
1089 3400 1184 3450 atroque
1198 3387 1259 3437 invi·

194 3462 271 3512 debat.
287 3461 422 3523 «Cogitavit
434 3461 463 3512 de
478 3463 573 3512 Homeri
588 3461 732 3511 carminibus
747 3460 877 3510 abolendis.
893 3459 938 3508 Sed
954 3461 976 3507 ct
993 3457 1085 3520 Virgilii
1100 3461 1123 3507 et
1138 3458 1183 3507 Titi
1196 3459 1256 3509 Livii

194 3532 281 3596 scripta
301 3535 325 3582 et
346 3533 460 3594 imagines
483 3533 578 3597 paulum
594 3533 668 3583 abluit
684 3531 740 3594 quin
763 3544 791 3581 er
811 3531 920 3580 omnibus
938 3529 1089 3580 bibliothecis
1107 3530 1257 3581 amoverit.»

194 3605 278 3666 (Soet,
290 3603 382 3667 Coliq,
397 3605 445 3667 34.)
459 3633 488 3641 -
502 3625 513 3649 α
525 3607 556 3654 lte
566 3604 628 3667 juris
640 3617 733 3666 quoque
746 3602 872 3662 consultis,
882 3600 948 3664 quasi
960 3601 1064 3651 scientia
1072 3614 1155 3651 eorum
1163 3614 1257 3651 omnem

194 3689 261 3724 nsum
276 3675 407 3725 aboliturus
421 3691 483 3740 sape
492 3676 599 3739 jactavit.
617 3695 628 3720 a
643 3675 730 3739 libid.)

224 3749 246 3797 ἓ.
264 3746 347 3807 Tacit,
360 3747 467 3806 About,
482 3762 523 3808 xn,
536 3749 559 3796 3.
574 3747 607 3797 Cf.
625 3749 701 3806 Suet,
717 3746 853 3805 elocutus,
869 3747 908 3794 29.

224 3820 246 3866 3.
265 3819 340 3868 Suet..
358 3819 462 3876 cloria,
476 3822 506 3869 29
520 3835 526 3868 :
542 3839 553 3864 a
566 3822 599 3869 De
613 3832 669 3869 nece
685 3816 817 3868 consularis
832 3817 877 3865 viri
892 3816 1042 3867 renuntiante
1055 3815 1192 3867 centurione
1208 3817 1257 3867 lac·

194 3893 242 3938 lum
260 3890 392 3953 essequod
411 3891 560 3954 imperasset,
582 3890 676 3952 negavit
695 3902 720 3940 se
742 3889 871 3952 quidquam
891 3888 1032 3951 imperasse,
1053 3891 1077 3938 et
1104 3887 1257 3938 nihilominus

191 3974 241 4010 rem
260 3962 431 4026 comprobavit,
454 3962 625 4012 affirmantibus
649 3961 740 4011 libertis
762 3960 841 4010 officio
863 3960 951 4010 milites
974 3959 1078 4021 functos,
1097 3960 1158 4022 qarod
1176 3961 1205 4010 ad
1219 3959 1256 4009 ul-

193 4032 280 4082 tionem
293 4033 442 4097 imperatoris
458 4035 519 4083 ultro
532 4033 715 4097 procurrissent.
734 4051 745 4076 »

224 4106 246 4153 l.
266 4106 341 4163 Suet,
358 4105 452 4170 Colip,
469 4106 511 4164 l9;
527 4107 553 4154 u.
570 4105 645 4161 Cass,
659 4119 706 4162 ux,
720 4105 758 4152 26.

200 4203 203 4207 -
224 4178 245 4223 5.
264 4177 362 4235 Seneca,
375 4175 494 4239 Apotol,
507 4178 549 4237 tt,
566 4177 643 4236 Soet,
662 4174 765 4236 Claud,
781 4176 825 4237 293
839 4177 901 4236 Tac,
914 4176 1009 4240 Apate,
1026 4176 1052 4237 43
1069 4177 1113 4225 etc.

223 4251 245 4296 6.
265 4247 341 4306 Suet,
354 4246 433 4308 itta,
447 4248 484 4297 at.
499 4247 533 4296 Cf.
549 4248 587 4298 29.
