2916 4934
193 376 227 428 52
576 385 614 429 ΒΕ
638 383 874 430 SCRIPTOlllBUS

237 496 296 577 Qui
312 496 381 562 fieri
395 505 521 583 poterat
532 505 578 578 ut,
596 498 628 563 in
642 506 732 563 tanta
746 496 864 563 theatri
878 495 1063 577 insolentia,
1081 494 1255 561 histriones

193 613 225 669 et
253 601 421 690 plebecula
442 623 476 668 se
499 603 702 670 continerent
727 603 902 691 quominus
931 601 1143 689 imperatores
1168 602 1255 689 ipsos

192 708 406 776 vellicarent?
432 709 531 775 Multa
564 719 674 776 contra
703 711 843 775 Caesares
874 707 975 774 facete
1004 707 1054 774 vel
1090 717 1257 774 contume-

192 815 271 883 liose
294 816 379 883 dicta
404 815 546 904 reperias
569 816 654 904 apud
676 816 817 882 historia
839 837 981 882 romanae
1003 824 1164 897 encletice,
1189 816 1255 882 sive

193 922 353 989 atellanus
384 923 434 989 rel
466 923 711 1013 mimographus
737 922 893 1010 probrum
917 922 950 987 in
974 921 1154 1010 principem
1181 943 1257 988 con-

193 1029 277 1096 sulto
302 1029 417 1096 fabulae
445 1030 640 1112 inseruerat,
667 1030 735 1096 sive
764 1028 929 1096 comradus
958 1051 996 1095 ex
1027 1039 1172 1116 temporo
1202 1029 1258 1094 ali-

194 1135 272 1224 quid
287 1137 477 1224 jocnlariter
498 1137 532 1202 in
557 1139 712 1204 Caesarem
741 1147 917 1225 repererat,
945 1136 1011 1203 sire
1034 1136 1256 1224 pantomimus

192 1243 381 1340 Χειρὸσοφος1
402 1269 418 1305 e
430 1244 582 1333 loquente
599 1253 706 1331 gestu,
720 1244 881 1330 linguosis
894 1243 1006 1330 digitis
1023 1243 1258 1331 etloquacissi-

193 1357 255 1424 mis
282 1358 450 1426 manibus²
473 1384 489 1423 u
519 1359 642 1447 aliquid
671 1360 859 1447 imperatori
884 1358 1081 1425 dedecorum
1107 1368 1163 1424 aut
1187 1379 1257 1426 mo-

192 1465 311 1532 lestum
327 1477 544 1554 expresserat,
568 1487 625 1533 scu
649 1465 789 1555 denique
816 1467 883 1555 ipse
901 1466 1051 1554 populus,
1082 1476 1117 1532 ut
1143 1475 1258 1532 acutus

193 1581 274 1652 erat,
291 1593 422 1639 versum
449 1571 640 1659 ambiguum
657 1572 697 1638 ad
724 1573 904 1660 principem
936 1572 1121 1660 petulanter
1142 1571 1258 1638 dever-

192 1687 288 1744 terat.
597 1761 599 1765 y

240 1787 317 1864 uuis
341 1807 407 1853 non
431 1788 582 1853 meminit
606 1797 727 1875 quanta
751 1787 880 1853 licentia
906 1789 1056 1854 Decimus
1085 1787 1256 1868 Laberius

194 1899 294 1982 qu'um
317 1915 415 1960 senex
437 1904 469 1961 ct
490 1916 590 1982 eques
605 1915 760 1961 romanus
776 1915 793 1959 a
808 1894 891 1961 lulio
912 1896 1034 1960 Caesare
1055 1894 1148 1983 quasi
1168 1915 1258 1961 coac-

194 2009 246 2067 tus
271 2012 358 2067 esset
384 2011 418 2066 nt
444 2001 588 2088 prodiret
614 2002 647 2066 in
672 2023 816 2082 scenam,
845 2013 876 2068 et
903 2022 997 2068 suum
1024 2002 1162 2067 mimum
1188 2002 1257 2089 ipse

152 2119 155 2122 ’
194 2117 318 2193 ageret,
345 2107 533 2174 dictatorem
554 2109 588 2173 in
611 2108 720 2174 fabula
740 2108 820 2174 adeo
840 2107 1061 2190 momorderit,
1085 2118 1120 2174 ut
1139 2107 1257 2196 populo

194 2213 356 2281 vindicem
369 2214 540 2296 libertatis,
556 2237 592 2280 ac
608 2215 723 2282 Caesari
744 2215 983 2282 interfectorem
1002 2237 1084 2303 pene
1105 2215 1258 2303 praedice-

195 2320 283 2387 rct⁸?
293 2321 441 2406 Angusto
453 2321 585 2410 quidem
597 2332 760 2410 spectante
772 2321 879 2404 ludos,
891 2344 926 2388 ac
937 2323 1094 2389 histrione
1108 2322 1234 2389 dicente
1247 2344 1253 2389 :

198 2429 254 2495 «O
283 2428 453 2494 dominum
483 2449 612 2517 aequum
644 2439 674 2495 et
698 2428 868 2496 bonumir
895 2428 939 2509 id,
961 2439 997 2495 ut
1021 2429 1190 2497 verissime
1216 2429 1256 2496 de

193 2534 337 2623 principe
361 2535 618 2623 pronuntiatum,
653 2537 818 2603 exsultans
853 2535 942 2624 plebs
977 2558 1115 2604 assensu
1135 2558 1256 2623 magno

194 2642 445 2730 comprobarat.
468 2642 588 2709 Eadem
603 2665 691 2724 vcro,
714 2645 747 2710 in
763 2644 992 2710 contumeliam
1008 2645 1160 2732 Augusti,
1180 2646 1257 2733 quia

194 2747 246 2814 ille
270 2749 378 2815 minus
403 2749 486 2816 bene
504 2749 669 2832 audiebat,
687 2751 773 2839 quod
789 2772 911 2839 pronus
933 2752 1134 2818 inuenerem
1157 2761 1254 2833 esset,

196 2855 357 2922 subtiliter
372 2857 496 2945 accepit
516 2857 603 2924 bunc
623 2858 729 2924 locum
746 2858 786 2924 de
803 2858 936 2946 Cybeles
952 2858 1071 2926 lasciro
1090 2858 1257 2925 sacerdote

195 2972 387 3052 tympanum
405 2965 554 3052 pulsante
572 2966 757 3053 prolatum:

319 3159 414 3210 Viden*
432 3164 461 3209 ut
479 3160 599 3210 cinaedus
612 3162 704 3211 orbem
720 3161 804 3226 digito
820 3164 978 3226 temperati!

240 3361 344 3438 Qerum
373 3358 521 3425 Tiberius
552 3359 736 3425 llalloniam
768 3359 957 3448 quamdam,
987 3360 1142 3426 feminam
1167 3359 1259 3427 illus-

195 3478 292 3548 trem,
316 3466 419 3554 stupri
436 3469 666 3533 commercium
689 3468 756 3555 pati
776 3479 992 3549 recusantem,
1017 3467 1260 3534 accusatoribus

196 3572 397 3652 tradidisset,
418 3583 448 3639 et
474 3573 540 3654 illa,
562 3574 682 3641 relictis
697 3574 876 3661 judicibus,
904 3574 1038 3641 domum
1062 3574 1257 3661 aufugisset,

197 3691 306 3768 atque,
324 3689 360 3747 ut
375 3679 477 3747 altera
498 3681 659 3762 Lucretia,
683 3702 717 3747 se
740 3681 849 3768 gladio
872 3681 1084 3763 confodisset,
1106 3681 1258 3770 populuS,

229 3916 250 3963 l.
269 3913 394 3972 Larianus,
411 3913 487 3974 Sall„
505 3915 543 3963 69.

229 3987 251 4034 2.
270 3985 321 4034 Sid.
333 3984 422 4048 Apoll,
440 3984 572 4045 Carmine,
587 3999 652 4045 xxrn,
666 3986 723 4046 269;
740 3985 904 4045 Cassiodorus,
918 3987 1030 4046 Variae,
1044 4000 1077 4045 rr,
1094 3987 1133 4034 51.
1148 3985 1181 4035 Cf.
1193 4000 1209 4047 r,
1221 3987 1260 4035 20.

229 4058 252 4105 3.
271 4057 347 4116 Suet,
365 4056 461 4116 Caeear,
473 4057 515 4117 395
531 4058 559 4104 Α.
576 4057 674 4117 Gallim,
688 4072 744 4117 xru,
762 4059 803 4116 ll;
825 4057 937 4118 llacrob,
951 4056 1070 4116 Sutura,
1086 4071 1111 4115 u,
1127 4057 1150 4103 l.
1168 4056 1201 4105 Cf.
1219 4058 1262 4106 Se·

199 4142 260 4188 nec,
279 4129 409 4188 Contrua,
422 4142 455 4188 ur,
473 4129 509 4175 18.

229 4201 251 4248 l.
271 4201 347 4260 Suet,
364 4199 461 4260 Oetae,
478 4199 515 4250 53.

229 4275 251 4322 b.
270 4271 346 4333 itte,
358 4273 395 4324 68.
