2916 4934
491 437 494 443 .
577 401 617 446 llll
639 400 875 447 sentrtontots

672 1051 695 1139 p
720 1052 772 1118 nr

381 1280 442 1342 De
468 1277 713 1343 Oratoribus
739 1279 781 1342 et
804 1277 1068 1344 Rhetoribus

236 1553 297 1619 vix
313 1549 501 1617 credibilem
517 1549 631 1617 orandi
650 1550 827 1631 licentiam,
846 1550 923 1617 dum
944 1551 1136 1640 Respublica
1156 1554 1257 1637 stetit,

192 1659 227 1724 in
255 1656 440 1724 forensibus
465 1657 572 1723 causis
600 1656 725 1744 patroni
749 1668 960 1745 usurparunt.
993 1659 1086 1724 Nulla
1113 1670 1162 1726 est
1189 1659 1257 1727 fere

192 1764 387 1831 contumelia
408 1763 475 1831 sive
497 1763 530 1829 in
557 1773 682 1850 partem
703 1762 885 1845 adversam,
911 1764 1030 1831 sivein
1055 1775 1169 1846 testes,
1192 1767 1258 1833 imo

191 1893 268 1940 vero
289 1871 320 1936 in
340 1869 469 1958 judiees
487 1868 587 1955 ipsos,
611 1868 664 1934 cui
681 1871 722 1934 ll.
740 1869 865 1936 Tollius
885 1892 951 1936 non
971 1870 1174 1938 indulserit¹.
1192 1874 1261 1940 Etsi

192 1977 332 2064 Augusti
357 1975 540 2063 disciplina,
570 1985 604 2041 ut
630 1974 751 2056 lerunt,
776 1976 1007 2064 eloquentiam,
1039 1978 1123 2044 sieut
1149 1978 1260 2046 omnia

193 2085 267 2165 alia,
292 2083 448 2171 pacarit2,
470 2102 619 2147 mansere
645 2092 754 2148 tamen
779 2082 919 2170 antiquae
941 2083 1097 2151 libertatis
1118 2084 1260 2172 plurimo

195 2190 345 2276 vestigia,
358 2190 402 2255 ita
415 2198 450 2254 ut
462 2185 667 2254 causidicina
685 2214 702 2250 a
717 2188 860 2255 studium
874 2191 1027 2256 caninum
1038 2216 1071 2272 u,
1084 2212 1121 2256 ae
1133 2192 1259 2279 patroni

194 2298 362 2363 latratores
375 2315 560 2375 carnarum,
577 2316 642 2361 non
658 2294 859 2378 defensores,
874 2296 972 2384 vulgo
986 2298 1258 2385 appellarentur³.

192 2406 272 2470 Nam
288 2401 475 2490 proterviet
489 2402 627 2484 dicaceS,
643 2403 677 2468 in
688 2401 772 2469 sales
787 2402 880 2468 effusi
896 2424 1037 2486 amaros,
1050 2404 1090 2470 ab
1107 2404 1259 2472 omnibus

192 2508 369 2590 formidati,
384 2508 599 2597 patrocinium
609 2518 645 2575 ut
656 2508 861 2575 latrocinium
873 2510 1076 2576 exercebant.
1093 2511 1117 2577 li
1129 2533 1259 2600 quoque

194 2616 249 2706 qui
265 2614 481 2683 verecundius
499 2612 621 2700 lingua
646 2614 833 2703 parcebant,
853 2614 953 2682 libere
975 2638 1011 2683 ae
1029 2617 1098 2696 sine
1119 2618 1265 2705 impedi-'

179 2733 303 2789 mento
323 2721 488 2789 sorensem
511 2743 642 2810 operam
666 2722 882 2789 exercendam
911 2744 982 2790 esse
1005 2724 1257 2804 contendebant,

194 2852 254 2897 nee
275 2829 367 2895 facile
389 2828 595 2917 patiebantur
614 2827 812 2896 defensionis
830 2829 1000 2896 arbitrium
1015 2852 1145 2919 quoquo
1162 2830 1259 2899 modo

196 2935 387 3023 constringi.
406 2935 570 3023 Principes
583 2935 762 3002 tolerarunt
777 2945 929 3023 patronos
945 2936 1047 3003 libera
1067 2937 1114 3003 uti
1130 2937 1257 3025 lingua,

195 3043 260 3109 nisi
280 3042 363 3109 forte
384 3041 507 3108 luerint
528 3052 679 3108 extrema
702 3041 867 3109 servitutis
883 3052 1042 3130 tempora,
1064 3044 1183 3132 quibus
1205 3065 1271 3111 v0-.

196 3170 265 3216 cem
287 3169 402 3238 parum
425 3158 550 3214 cautam
568 3148 782 3214 inconsultius
803 3149 899 3215 edere
914 3150 1095 3238 periculum
1111 3150 1256 3217 feeerit&

240 3254 391 3322 Albutius
416 3255 501 3320 Silus
524 3254 622 3320 homo
649 3264 717 3320 erat
746 3274 882 3321 summae
905 3255 1088 3343 probitatis,
1118 3257 1174 3346 qui
1197 3278 1259 3323 nec

194 3361 301 3429 facere
325 3362 491 3450 injuriam,
513 3382 572 3427 nec
597 3361 664 3448 pati
685 3361 829 3448 possett
852 3364 958 3441 Quum
985 3363 1171 3444 Mediolani,
1199 3362 1261 3431 sub

194 3472 357 3556 Augusto,
394 3490 486 3535 reum
524 3467 725 3549 defenderet,
759 3468 984 3535 cohibentibus
1016 3469 1184 3537 lictoribus
1218 3491 1260 3536 ne

188 3575 354 3663 judicium
380 3574 564 3641 immodicis
585 3574 790 3641 laudantium
811 3574 979 3663 plausibus
994 3575 1192 3659 turbaretur,
1215 3577 1261 3644 ita

195 3681 371 3750 excanduit
408 3693 453 3764 ut,
488 3681 653 3769 deplorato
687 3681 784 3748 ltaliae
815 3682 893 3761 fato,
928 3685 1072 3749 Marcum
1107 3686 1257 3766 Brutum,

226 3913 247 3960 l.
263 3913 314 3960 Pro
328 3912 441 3973 Quintio,
459 3915 486 3971 l;
501 3912 532 3959 ln
551 3911 647 3970 Velio,
658 3913 683 3972 l;
696 3914 741 3961 etc.

224 3984 247 4032 2.
264 3983 334 4032 niet.
354 3983 439 4042 Orat,
456 3983 497 4030 38.

224 4056 246 4101 3.
262 4053 372 4112 Quintil,
394 4068 436 4113 xn,
456 4055 483 4114 93
502 4052 640 4114 Columella,
658 4067 675 4115 r,
697 4054 793 4116 Praef.;
809 4053 837 4101 Α.
855 4054 969 4116 Marcell,
983 4070 1041 4116 xxx,
1058 4057 1080 4105 l.
1101 4057 1135 4105 Cf.
1152 4056 1260 4118 Luciam,

191 4124 329 4186 Piscator,
347 4126 384 4173 29.

221 4195 398 4245 evidentiori
415 4195 508 4258 Epist,
526 4210 542 4254 r,
559 4197 581 4243 5.

222 4268 244 4317 5.
264 4267 359 4328 Seneca,
375 4268 549 4327 Conticuere,
564 4281 596 4328 nr,
613 4267 703 4329 Praef„
719 4269 743 4316 et
753 4267 863 4331 passim.
