2916 4934
194 340 227 396 86
454 345 601 402 QUOMODO
624 345 749 394 HOMANI
772 345 997 395 lurnetrouus

191 466 360 537 Neminem
373 485 449 534 vero
466 485 505 532 ex
521 462 731 552 scriptoribus
751 463 803 532 rel
814 448 995 533 litterarum
1016 467 1256 556 professoribus

192 575 338 643 referunt
352 595 371 640 a
385 570 517 641 Claudio
538 579 688 639 vexatum
711 569 824 654 fuisse,
845 593 1033 662 quanquam
1053 577 1257 646 contumelia

194 684 229 750 in
258 704 333 750 eum
355 679 611 770 proferrentur¹,
637 677 702 745 nisi
717 678 805 768 quod
829 679 984 748 Gallicum
1000 691 1174 768 oratorem,
1201 685 1258 774 qui

192 791 372 880 principem
396 787 431 854 in
450 786 588 854 dicendo
610 785 749 853 multum
763 785 955 870 offenderat,
971 787 1006 856 in
1025 788 1166 857 Tiberim
1182 813 1258 881 pro·

188 898 247 987 jici
257 895 389 986 jussit².

235 1009 318 1074 Nero
335 1003 370 1070 in
385 1002 557 1071 clementia
578 1001 675 1091 paulo
693 1000 815 1069 diutius
838 1023 936 1092 quam
962 1003 995 1070 in
1017 1005 1133 1074 ceteris
1155 1007 1258 1076 virtu-

192 1113 279 1183 tibus
313 1111 464 1202 perstitit.
498 1109 681 1176 Britannico
710 1109 808 1177 fratre
838 1132 896 1199 per
924 1132 1088 1180 venenum
1117 1113 1256 1198 sublato,

193 1220 437 1310 Agrippinaque
460 1217 611 1285 atrociter
635 1217 842 1306 interempta,
866 1218 1123 1288 moderationem
1147 1232 1259 1290 tamen

195 1330 228 1396 in
248 1327 434 1417 reipublicae
448 1312 730 1392 administratione
747 1325 937 1414 aliquandiu
952 1326 1123 1412 retinebat,
1143 1351 1179 1396 ac
1191 1328 1259 1418 pri-

194 1447 342 1506 vatorum
359 1433 501 1501 caedibus
515 1431 716 1514 abstinebat;
734 1432 812 1514 imo,
830 1443 902 1522 post
916 1445 1134 1522 perpetratum
1151 1437 1261 1504 matri-

195 1540 1260 1631 cidium,elementiammajoremaffectavit,virosqueacfeminas

196 1651 334 1733 nobiles,
353 1649 429 1716 olim
445 1647 485 1714 ab
498 1647 679 1736 Agrippina
694 1647 728 1713 in
741 1647 892 1714 exsilium
907 1648 1031 1737 pulsor,
1048 1651 1161 1739 patriae
1183 1651 1260 1718 red-

196 1758 310 1826 didit³.
327 1760 431 1838 Quum
448 1776 612 1823 summum
628 1754 813 1844 imperium,
828 1756 1003 1822 Britannici
1019 1757 1151 1846 injuria,
1166 1759 1260 1827 inva-

196 1866 304 1948 sisset,
323 1863 431 1932 statim
448 1862 615 1953 professus
629 1872 688 1945 est,
706 1872 742 1930 ut
756 1862 875 1931 civium
890 1863 1149 1932 benevolentiam
1172 1887 1261 1934 asse-

196 1983 361 2064 queretur,
376 1994 410 2040 se
420 1973 515 2061 juxta
527 1971 667 2058 Augusti
677 1980 835 2059 praecepta
846 1972 1092 2060 imperaturum,
1106 1973 1259 2063 nullaque

197 2081 284 2164 odia,
302 2103 361 2148 nec
378 2080 510 2147 ultiouis
523 2078 709 2167 cupidinem
726 2078 898 2145 allaturum
909 2079 933 2144 l.

242 2188 333 2270 Quod
351 2187 512 2277 pollicitus
529 2196 597 2253 erat
611 2189 691 2253 Nero
711 2186 876 2274 praestitit;
893 2208 999 2276 neque
1016 2188 1114 2254 ullam
1128 2188 1180 2256 rel
1200 2188 1262 2256 ele-

198 2296 327 2364 mentiae
348 2294 399 2364 rel
418 2294 579 2362 comitatis
595 2293 784 2361 exhibendae
800 2293 1003 2361 occasionem
1019 2295 1258 2384 praetermisitl,

200 2405 320 2471 Seneca
335 2411 366 2470 et
380 2402 503 2470 Burrbo
522 2401 563 2468 ad
578 2401 612 2468 id
627 2423 701 2467 eum
717 2401 970 2490 impellentibus,
983 2424 1019 2470 ac
1034 2402 1177 2470 lenitatis
1191 2404 1258 2492 glo·

198 2512 280 2580 riam
305 2509 568 2601 praedicantibus,
591 2517 771 2599 senatuque
792 2510 944 2577 maximis
960 2510 1112 2579 leudibus
1128 2511 1260 2580 concio-

199 2641 257 2687 nes
273 2619 465 2708 excipiente,
484 2616 601 2706 quibus
620 2617 769 2706 princeps
785 2616 917 2704 juvenis
933 2639 968 2685 se
984 2617 1176 2686 clementem
1191 2619 1261 2686 sore

197 2726 436 2816 promittebatl.
455 2728 558 2814 Supra
573 2734 789 2792 memoratum
807 2735 856 2792 est
874 2726 980 2812 legem
996 2726 1176 2814 majestatis
1191 2735 1262 2794 tum

197 2835 339 2924 primum
365 2833 426 2900 sub
447 2835 572 2899 Nerone
597 2831 766 2917 revixisse,
792 2853 893 2922 quum
917 2832 1065 2922 probrosi
1088 2855 1202 2902 versus
1226 2835 1262 2900 in

198 2943 425 3030 imperatorem
451 2939 491 3006 ab
512 2939 651 3006 Antistio
674 2948 807 3028 praetore
829 2938 904 3007 facti
926 2949 1047 3023 essent,
1063 2950 1159 3031 atque
1176 2941 1262 3009 inter

199 3048 310 3137 epulas
337 3047 473 3114 recitati.
496 3046 684 3128 Antistium,
707 3045 748 3113 ob
769 3047 958 3134 hujusmodi
974 3047 1097 3115 crimen
1117 3047 1263 3116 delatum

199 3156 240 3222 ad
259 3165 437 3237 senatores,
464 3154 597 3243 quidam
622 3163 831 3236 censuerunt,
850 3164 988 3242 praetura
1004 3155 1149 3244 pulsum,
1170 3176 1263 3223 more

200 3264 360 3350 majorum
379 3261 563 3329 necandum
579 3282 663 3328 esse.
681 3260 723 3328 At
742 3264 849 3329 Poetus
866 3263 1018 3344 Thrasea,
1039 3263 1164 3330 senatui
1184 3283 1263 3352 pro-·

199 3369 401 3453 batissimus,
418 3368 558 3436 necdum
573 3368 709 3458 principi
723 3369 859 3452 invisus,
874 3372 999 3437 Nerone
1010 3369 1100 3459 prius
1115 3369 1261 3454 laudato,

229 3616 250 3663 t.
269 3616 296 3663 l).
311 3614 387 3674 Cass,
403 3627 442 3673 xx,
457 3614 500 3673 293
517 3613 592 3669 Suet,
607 3609 712 3671 Claud„
730 3611 757 3658 lb
773 3613 797 3660 et
811 3611 848 3660 38.

228 3687 250 3733 2.
269 3687 296 3734 l).
310 3685 386 3742 Cass,
402 3698 441 3741 ιιι,
457 3684 495 3732 33.

226 3757 249 3804 3.
267 3757 293 3804 ld
306 3768 362 3805 rero
376 3754 486 3815 faciebat,
502 3753 631 3804 utlacitus
646 3754 726 3814 refert,
741 3774 752 3799 u
768 3768 815 3818 quo
830 3759 938 3817 gravaret
952 3753 1064 3804 invidiam
1080 3755 1170 3816 matris,
1185 3768 1264 3820 caque

196 3826 296 3886 demota,
313 3829 405 3876 arictum
420 3825 541 3876 lenitatem
556 3838 623 3874 auam
638 3825 805 3876 testificaretur
819 3846 840 3875 n.
857 3826 974 3891 (Anact,
990 3841 1039 3886 xrv,
1055 3826 1105 3890 12.)

225 3900 247 3946 4.
267 3899 342 3957 Suet,
358 3898 435 3959 Nero,
453 3900 493 3959 103
510 3897 594 3956 Tacit,
610 3897 717 3957 Arcoul,
734 3913 784 3958 xm,
799 3900 821 3947 l.

226 3970 248 4017 5.
268 3970 344 4029 Suet,
358 3968 413 4017 loco
428 3970 472 4019 cit.

225 4042 248 4088 6.
268 4041 342 4097 Suet,
366 4039 418 4088 loco
441 4040 502 4095 cit.;
523 4039 604 4099 Tacit,
628 4038 735 4099 Annei,
754 4055 804 4100 xm,
828 4041 850 4100 2,
868 4042 894 4089 tt
918 4042 940 4090 el
961 4043 1002 4101 ll;
1025 4042 1053 4089 ll.
1076 4039 1153 4098 Cass,
1175 4052 1222 4097 uxr,
1239 4041 1264 4090 3.

195 4110 230 4159 tf.
247 4111 339 4169 Senec,
357 4111 392 4158 De
408 4110 496 4169 Clcm,
510 4125 526 4170 ι,
541 4113 551 4160 1
566 4125 571 4158 ;
587 4131 598 4154 ιι
615 4111 721 4160 Scribere
737 4110 913 4168 deducentia,
930 4112 991 4162 Nero
1011 4112 1098 4168 Caesar,
1121 4109 1224 4170 institui,
1239 4113 1269 4161 ut

195 4181 296 4244 quodam
309 4181 378 4231 modo
393 4180 483 4244 speculi
496 4181 546 4230 rice
562 4180 679 4242 fungerer,
693 4185 717 4231 et
729 4184 752 4231 te
767 4182 808 4232 tibi
824 4183 972 4233 ostenderem
987 4183 1157 4247 perventurum
1173 4181 1202 4230 ad
1217 4195 1261 4232 ro·

196 4253 311 4318 luptatem
323 4251 449 4303 maximam
466 4250 587 4314 omnium3
603 4256 648 4305 etc.
664 4272 686 4302 r.
