2916 4934
284 324 317 376 to
664 334 707 392 nn⁴
726 305 962 407 seir'vfronraus

282 446 472 534 Vespasiani
493 446 668 534 exsequiis,
683 449 787 514 Favor
806 433 1016 514 archimimus
1032 469 1068 514 os
1085 446 1297 536 habitumque
1319 459 1352 515 et

283 553 482 640 ingressum,
495 562 532 620 ut
544 553 745 621 consuetudo
759 563 839 635 erat,
856 552 999 621 defuncti
1016 576 1146 641 gerens,
1158 554 1217 621 sub
1232 564 1349 621 ornatu

283 659 502 747 imperatorio,
534 660 835 748 upcocuratoribus
866 661 1046 749 quaeritavit
1073 662 1184 751 quanti
1212 683 1350 751 appara-

283 776 336 833 tus
362 766 485 833 lunaris
511 776 694 846 constaret;
730 788 896 856 quumque
930 766 1088 835 audiisset
1126 770 1350 835 «sestertium

285 873 452 954 centies»,
480 874 637 962 querulus
664 874 885 942 exclamavit:
913 899 929 937 u
956 884 1085 942 centum
1112 875 1174 942 sibi
1203 875 1352 942 sestertia

285 979 410 1061 darent,
430 1002 465 1046 ac
487 1002 520 1047 se
542 982 590 1048 vel
610 980 644 1046 in
663 980 804 1047 Tiberim
824 982 1022 1070 projicerent
1037 1007 1053 1044 n
1066 982 1089 1048 ¹.
1111 982 1210 1049 Multa
1231 985 1350 1048 Roma-

284 1108 401 1153 norum
423 1087 567 1168 nomina,
586 1109 699 1154 eorum
720 1109 796 1154 vero
819 1088 966 1175 intelligo
984 1109 1066 1177 quos
1087 1099 1186 1177 partae
1209 1089 1349 1156 victoriae

286 1193 472 1282 acceptique
489 1194 700 1281 magistratus
714 1195 984 1262 honoratissimos
997 1195 1157 1276 lecerunt,
1169 1196 1249 1261 nihil
1263 1195 1351 1262 aliud

287 1321 324 1366 ac
352 1299 489 1367 ridicula
516 1301 566 1369 vel
586 1301 693 1390 turpia
715 1312 933 1388 cognomenta
955 1303 1044 1390 prius
1065 1303 1166 1368 luisse
1191 1303 1350 1369 constat².

287 1407 487 1474 llaeetiarum
505 1407 637 1474 tandem
654 1429 745 1474 amor
760 1407 841 1474 adeo
856 1408 965 1475 latinis
978 1409 1120 1496 ingeniis
1136 1409 1253 1475 insitus
1270 1416 1350 1487 erat,

288 1526 323 1582 ut
342 1515 375 1580 id
398 1536 518 1602 magna
537 1516 615 1581 artis
631 1514 778 1581 oratoriae
798 1537 872 1602 pars
891 1515 1078 1583 haberetur.
1099 1517 1248 1582 Oratores
1264 1515 1352 1581 enim

289 1622 418 1689 dicendi
433 1621 619 1711 peritissimi
636 1621 692 1687 diu
712 1643 747 1688 ao
771 1621 945 1709 diligenter
960 1623 993 1688 in
1013 1622 1135 1689 salibus
1152 1623 1234 1688 bene
1255 1633 1352 1711 atque

289 1738 468 1817 opportune
485 1728 644 1817 ponendis
663 1729 905 1808 laboraverant3
928 1729 1041 1797 festive
1055 1729 1140 1795 dicta
1153 1719 1353 1816 colligeban-

288 1847 342 1903 tur
359 1857 472 1903 eorum
488 1835 544 1923 qui
559 1831 742 1902 urbanitate
755 1836 807 1902 vel
822 1836 992 1904 dicacitate
1007 1836 1247 1917 excelluissent,
1265 1835 1354 1902 Cice·
1408 1832 1411 1836 ⁴

290 1943 443 2031 ranisque
460 1942 583 2009 amicus
600 1942 639 2008 de
656 1964 693 2009 ea
707 1965 740 2008 re
757 1952 822 2009 tres
839 1942 937 2009 libros
954 1942 1056 2009 edidit
1070 1967 1077 2023 ;
1100 1964 1136 2008 ao
1152 1942 1298 2009 rhetores
1314 1941 1354 2007 de

290 2050 358 2116 risu
377 2060 409 2116 et
423 2048 551 2136 jocandi
570 2048 747 2136 generibus
761 2050 899 2135 plurima
917 2048 1118 2129 dividebant,
1137 2047 1357 2115 disserebant-

292 2178 354 2245 que
371 2155 448 2245 quid
464 2154 638 2237 lascivom,
660 2154 738 2244 quid
758 2155 896 2237 salsum,
915 2155 993 2245 quid
1008 2155 1128 2237 attare,
1143 2156 1222 2244 quid
1238 2167 1356 2221 contu-

289 2262 476 2342 meliosum,
494 2261 573 2351 quid
589 2284 747 2350 aspectum
763 2262 882 2328 essctl.

336 2369 396 2449 Qui
415 2390 491 2436 vero
507 2368 632 2436 facetiis
647 2368 740 2435 valde
758 2369 971 2449 delectantur,
986 2369 1009 2434 ii
1024 2368 1215 2457 plerumque
1230 2367 1358 2433 detrae-

291 2486 378 2542 tores
394 2477 538 2542 omnium
554 2497 625 2543 esse
642 2477 748 2542 solent
761 2486 791 2543 et
805 2475 978 2556 derisores,
994 2498 1030 2541 ac
1045 2475 1185 2542 libenter
1196 2473 1357 2562 potentis-

293 2583 393 2650 simos
426 2582 567 2650 dicteriis
593 2582 760 2664 vellicant3
789 2604 848 2648 neo
876 2583 1041 2649 immerito
1069 2583 1165 2648 Livia
1195 2580 1358 2648 scribebat

293 2691 460 2777 Augustus
491 2712 498 2755 :
530 2716 546 2751 «
566 2689 744 2757 Praebenda
766 2690 904 2755 materia
928 2689 1099 2755 deridendi
1129 2710 1188 2755 nos
1217 2696 1358 2753 nonest

292 2796 480 2863 hominibus
505 2809 650 2865 σκώπτειν
672 2809 723 2863 καί
752 2808 937 2892 μυκτηρίζειν
960 2797 1120 2864 etonem&
1147 2822 1164 2857 n
1196 2793 1357 2875 Quamdiu

293 2903 400 2992 prisca
421 2903 605 2992 reipublicae
631 2903 737 2970 forma
765 2903 883 2990 viguit,
906 2903 1037 2969 lieentia
1060 2923 1131 2990 quae
1152 2901 1251 2968 velles
1272 2896 1358 2986 apud

296 3022 458 3092 senatum,
487 3011 641 3099 populum
669 3020 700 3076 et
725 3009 855 3098 judices
885 3009 1027 3090 dicendi,
1053 3009 1193 3097 partium
1217 3007 1375 3102 civilium

294 3117 429 3185 dissidia
458 3118 610 3206 odiaque,
640 3127 803 3206 perpetuae
835 3117 1045 3205 quaestiones,
1076 3114 1195 3204 quihus
1227 3112 1360 3180 cuilibet

296 3224 458 3291 civinmin
472 3225 659 3291 consulares
669 3224 756 3312 ipsos
768 3224 932 3313 inquirere
943 3221 1072 3303 licebat,
1088 3219 1362 3308 caomniapoten·

294 3331 376 3398 tium
400 3332 542 3398 virorum
565 3331 781 3398 reverentiam
803 3341 899 3419 atque
923 3328 1161 3396 observantiam
1183 3348 1265 3415 pene
1285 3326 1362 3392 abo-

294 3441 413 3506 levere.
438 3437 532 3506 Omni
547 3437 739 3525 probrorum
755 3458 875 3523 genere
898 3437 1023 3503 Tullius
1039 3434 1198 3515 Clodium,
1217 3436 1254 3499 L.
1272 3432 1360 3500 Piso·

295 3568 384 3627 nem,
401 3545 643 3634 Antoniumque
659 3544 840 3611 infamavit.
857 3545 985 3623 Postea,
1003 3542 1156 3608 conviciis
1172 3541 1205 3607 in
1220 3540 1362 3629 impera·

295 3664 382 3721 tores
394 3652 531 3719 Romani
546 3673 611 3718 non
627 3651 867 3732 abstinuerunt,
884 3650 1036 3739 quodque
1056 3659 1130 3715 ante
1147 3648 1178 3713 in
1197 3647 1358 3728 consules,

331 3860 353 3905 l.
388 3857 523 3916 Suetonius,
539 3857 621 3919 Vesp,
640 3859 678 3905 va.

329 3932 353 3978 2.
371 3928 479 3987 Quintil,
495 3944 511 3987 1,
529 3929 552 3988 4,
568 3929 611 3986 253
630 3929 687 3987 Cio,
705 3926 1006 3988 ne⁴o›·ae.‚11,54sqq.;
1025 3925 1073 3987 up.
1091 3923 1128 3972 od
1140 3922 1232 3981 Attio,
1252 3934 1301 3978 xiv,
1319 3919 1361 3977 143

299 4000 412 4058 Macron,
425 4000 546 4057 Satura,
562 4014 578 4058 1,
595 3999 617 4047 6.

330 4071 353 4118 3.
369 4070 425 4126 etc,
438 4070 492 4118 loco
506 4071 567 4124 cu.‚·
582 4070 673 4130 Quint,
689 4085 721 4129 vr,
733 4071 755 4129 3,
768 4088 779 4113 o
792 4071 826 4119 De
837 4071 898 4117 Risu
912 4083 938 4127 »ς
951 4067 1063 4119 blaorob..
1080 4067 1145 4116 Sat..
1155 4081 1179 4124 u,
1192 4066 1206 4111 ἲ
1222 4076 1274 4124 sqq.

331 4144 353 4190 l.
369 4143 478 4200 Sueten,
505 4140 608 4201 Claud,
628 4143 650 4189 l.
673 4141 709 4189 Cl.
725 4141 793 4190 Treb.
819 4139 901 4199 Pollio,
923 4138 1047 4198 Gallica,
1068 4141 1096 4197 93
1118 4138 1175 4196 Cic,
1198 4137 1248 4182 l'ro
1270 4132 1360 4189 Caelio,

302 4215 344 4274 16;
358 4215 423 4273 lton,
436 4212 527 4273 Sotiis,
544 4213 562 4274 1,
579 4227 618 4272 vn,
636 4214 678 4273 323
695 4215 772 4262 Amm.
783 4210 897 4272 Marcell,
914 4225 963 4268 xvr,
981 4211 1018 4258 to.
