2916 4934
193 323 227 374 62
456 327 605 382 QUOMODO
627 327 751 374 ROMANI
775 323 998 374 lurnntrouus

193 444 322 534 imperii
345 465 482 526 aunum,
517 464 654 532 eamque
691 441 847 531 principis
879 441 1105 509 felicissimam
1129 459 1254 521 vocem,

195 573 309 642 quum,
331 551 618 619 animadversurus
633 551 666 616 in
678 550 833 631 latrones
856 571 893 616 ac
909 548 1088 637 scripturus
1103 568 1122 613 a
1137 545 1256 635 quihus

194 672 226 728 et
254 682 319 749 qua
348 680 445 726 causa
475 680 570 748 poena
597 658 758 745 exigenda
786 666 883 738 esset,
912 658 994 724 Nero
1018 654 1255 722 exclamasset:
1292 650 1293 653 ’

198 768 349 837 «Vellem
363 766 488 834 nescire
502 767 640 833 litteras¹
656 765 662 832 !
680 794 694 827 »

238 879 268 941 ls
296 873 351 963 qui
383 884 574 962 praetextam
605 873 778 940 Octauium
808 872 1000 961 composuit,
1037 874 1196 939 Senecam
1227 880 1259 937 et

193 986 355 1051 Neronem
380 981 419 1048 de
445 981 580 1048 utilitate
607 981 786 1048 clementia
812 980 974 1048 contraria
997 979 1199 1067 disputantes
1223 977 1256 1042 in

196 1110 290 1157 suam
318 1088 462 1157 fabulam
486 1089 627 1157 induxit.
661 1091 743 1156 Nem
772 1088 859 1155 enim
886 1087 957 1175 jam
981 1086 1123 1168 adultae,
1151 1084 1258 1152 omnis

196 1196 327 1264 sceleris
354 1196 535 1286 flagitiique
570 1195 673 1263 factus
699 1194 916 1284 peritissimus
947 1193 1074 1275 artifex,
1103 1202 1135 1260 et
1162 1203 1259 1259 aetate

195 1305 230 1370 iu
253 1304 316 1371 leuc
329 1304 408 1370 sutis
423 1326 487 1371 esse
506 1303 635 1370 consilii
641 1305 651 1337 ²
673 1302 735 1370 sibi
750 1312 851 1385 ratus,
872 1302 1021 1388 magistri
1041 1300 1170 1367 mitiora
1185 1321 1259 1366 sua-

196 1411 302 1479 dentis
318 1412 403 1478 dicta
418 1421 610 1500 arroganter
623 1409 809 1498 redarguit³
827 1431 834 1476 :

322 1607 425 1658 Saurea.
445 1609 571 1672 Magnum
583 1607 690 1674 timoris
703 1606 852 1657 remedium
867 1607 1008 1656 clementia
1022 1609 1070 1656 est.

322 1681 402 1729 Nsao.
420 1679 596 1743 Exstiuguere
612 1679 715 1728 hostem
729 1679 844 1727 maxima
859 1681 898 1727 est
913 1678 998 1726 virtus
1013 1677 1097 1726 ducis.

321 1752 400 1800 Decet
413 1750 508 1798 timere
519 1751 657 1800 Caesarem.
677 1751 780 1799 sicces.
796 1750 902 1812 utplus
917 1749 1001 1813 diligi.
1020 1758 1023 1762 ’

321 1822 464 1870 Pulchrum
478 1821 596 1870 eminere
609 1825 648 1870 est
659 1823 728 1870 iuter
743 1822 859 1869 illustres
869 1821 951 1881 virae,

321 1891 465 1941 Consulcre
479 1892 582 1954 patriae,
598 1906 705 1955 parcere
721 1891 830 1952 afflictis
845 1892 901 1941 fera

319 1963 396 2012 Caede
408 1963 552 2024 abstinere,
568 1967 676 2026 tempus
692 1967 773 2026 atque
788 1963 835 2012 irae
850 1963 923 2023 dare,

322 2034 385 2083 Orbi
401 2035 527 2097 quietem,
541 2035 638 2084 saeculo
654 2049 747 2098 pacem
760 2050 817 2084 suo.

293 2134 296 2137 -
321 2105 383 2154 Haec
396 2120 501 2155 summa
514 2106 612 2167 virtus3
628 2107 728 2170 petitur
741 2107 790 2156 hac
802 2107 900 2156 eoelum
913 2107 968 2167 via;

323 2177 366 2226 Sic
379 2177 425 2226 ille
438 2177 531 2240 patriae
544 2179 647 2241 primas
665 2178 798 2243 Augustus
813 2193 910 2242 parens

320 2248 481 2310 Complexus
496 2254 568 2298 astra
581 2253 620 2299 est
623 2285 669 2300 .....

321 2319 401 2369 Neue.
422 2321 530 2370 Servare
546 2319 616 2371 cives
628 2322 743 2386 principi
759 2327 784 2372 et
796 2324 888 2386 patriae
903 2337 1006 2388 graves,

323 2391 400 2440 Claro
415 2394 549 2442 tumentes
560 2407 665 2456 genere,
680 2409 740 2458 qum
756 2395 891 2445 dementia
906 2399 954 2457 est,

322 2462 410 2520 Quum
425 2463 502 2512 liceat
518 2479 571 2512 una
584 2479 647 2514 voce
663 2469 798 2529 suspectos
813 2467 863 2516 sihi

321 2534 389 2583 Mori
401 2534 529 2598 juberet!

240 2731 300 2813 Qui
315 2754 391 2800 vero
406 2733 569 2822 principes
584 2735 798 2803 hortabantur
809 2745 846 2803 ut
862 2736 1034 2825 scriptores
1055 2735 1190 2804 infestos
1209 2738 1261 2806 vel

196 2839 293 2907 nimis
316 2839 437 2907 liberos
453 2841 632 2925 frenarent,
652 2864 829 2933 eorumque
845 2844 1008 2911 licentiam
1028 2843 1142 2911 durius
1162 2845 1260 2911 casti-

195 2956 323 3035 garent,
337 2949 763 3037 certasnelegeshabebant,
773 2951 891 3040 quibus
905 2951 1079 3021 verborum
1090 2952 1259 3044 audaciam

197 3056 337 3122 coerceri
351 3077 446 3144 posse
462 3058 712 3125 convincerent?
732 3060 773 3126 lis
792 3060 847 3148 qui
867 3059 1030 3148 imperant
1046 3081 1175 3148 semper
1194 3081 1259 3147 prae

195 3184 294 3229 manu
306 3174 381 3230 sunt
396 3164 610 3254 legesquibus
622 3165 684 3233 sibi
700 3188 779 3255 opus
790 3188 860 3234 esse
876 3167 1089 3234 arbitrantur!
1107 3167 1258 3236 Vetulum

198 3269 278 3336 illud
304 3280 336 3337 et
356 3281 503 3338 sanctum
526 3282 642 3361 prasio
666 3283 735 3341 erat
755 3272 936 3340 Duodecim
964 3273 1170 3340 Tabularum
1190 3275 1257 3362 jue,

199 3398 263 3466 quo
282 3378 450 3446 vetabatur
470 3401 667 3469 quemquam
686 3381 779 3448 dictis
796 3381 962 3471 probrosis
982 3381 1165 3449 describit:
1187 3408 1203 3443 «
1225 3381 1259 3448 Si

199 3485 271 3574 quis
290 3486 400 3574 pipulo
421 3481 626 3572 occentassit,
655 3510 825 3557 carmenve
855 3488 999 3557 condidit
1026 3489 1113 3579 quod
1139 3488 1260 3556 infame

198 3590 289 3676 faxit,
307 3592 533 3683 flagitiumque
547 3595 651 3678 alteri,
669 3595 753 3664 fuste
769 3596 904 3685 peritof.
924 3622 942 3660 i>

233 3873 255 3919 l.
273 3870 370 3934 Seneca,
386 3873 423 3921 De
439 3873 528 3935 Cleru,
543 3889 566 3935 u,
582 3877 603 3924 l.
620 3876 656 3924 Cf.
669 3890 686 3936 1,
702 3878 727 3936 l,
745 3877 852 3937 Sueten,
868 3875 942 3935 Nero,
956 3877 992 3924 lu.

232 3944 254 3991 2.
272 3943 390 4004 Octavia,
401 3946 455 3994 447.

231 4014 253 4060 3.
273 4013 309 4062 Cf.
325 4014 408 4075 Tacit,
424 4015 593 4078 Auual.,x1r,
608 4018 637 4065 53
653 4032 704 4081 sqq.

231 4085 254 4132 4.
273 4085 389 4144 Octavia,
406 4088 463 4148 4423
478 4089 521 4136 lat
531 4103 537 4150 ς
549 4090 593 4137 472
609 4102 677 4152 sqq.;
693 4092 738 4139 495
751 4104 803 4153 sqq.

231 4156 253 4203 5.
272 4156 363 4217 Horat,
376 4157 471 4220 Epist,
485 4161 513 4220 ll,
530 4174 546 4217 1,
564 4161 674 4210 lar-lat.

231 4226 253 4275 6.
272 4226 329 4287 Cic,
343 4229 405 4291 apud
419 4231 443 4279 S.
460 4232 570 4293 August,
587 4233 622 4281 Oe
636 4231 710 4281 aiau.
724 4233 780 4293 Dei,
793 4248 819 4294 n,
835 4236 857 4283 9.
