2916 4934
490 329 744 383 uoulnleosouu
765 328 964 374 LlTTllllrll'lS.
1225 317 1254 370 4!

194 443 300 522 Quum
330 452 441 509 autern
469 442 651 509 Hadrianus
679 441 837 530 plurimos
866 441 900 506 in
928 440 1104 528 provinciis
1131 439 1259 528 imperii

195 549 322 615 romani
347 549 560 637 peragrandis
585 569 688 616 annos
715 546 984 636 consumpsisset,
1002 556 1100 636 atque
1122 546 1195 613 ideo
1218 566 1258 612 ex

193 656 287 722 Floro
304 656 526 723 cavillationes
542 677 597 722 eas
614 655 833 744 suscepisset:

506 832 560 895 Ego
572 832 635 880 nolo
650 830 738 879 Caesar
750 845 817 891 esse,

505 903 649 952 Ambulare
666 917 714 965 per
731 903 861 963 Britoncs,

508 974 644 1039 Scythicas
658 975 715 1037 pati
729 974 850 1038 pruinas,

193 1153 305 1240 jocum
325 1153 437 1220 statim
449 1153 524 1240 joco
544 1153 589 1220 ita
608 1152 781 1241 repunxit:

507 1321 562 1384 Ego
575 1321 639 1369 nolo
654 1321 748 1369 Florus
758 1334 824 1378 csse,

507 1391 651 1440 Ambulare
666 1405 714 1454 pcr
729 1393 862 1452 tabernas,

508 1462 623 1511 Latitare
638 1477 685 1526 per
700 1463 824 1525 popinas,

506 1533 605 1584 Calices
621 1535 677 1596 pati
692 1534 849 1583 rotundos1.

243 1703 391 1770 Carmina
415 1703 574 1771 maledica
600 1725 666 1770 non
689 1713 816 1770 tantum
844 1725 902 1791 per
930 1702 1132 1769 eruditorum
1160 1710 1261 1767 ooetus

199 1809 524 1893 circumferebantur,
548 1809 606 1877 sed
629 1810 726 1877 etiam
745 1811 779 1876 in
801 1810 894 1876 circis
911 1831 947 1876 ac
964 1808 1113 1889 theatriS,
1131 1817 1163 1873 et
1182 1828 1263 1894 quo-

199 1937 338 2004 cumque
359 1917 451 2005 plebs
467 1918 658 1997 oontlueret,
675 1916 775 2002 vulgo
800 1915 1012 1982 canebantur.
1036 1918 1110 1980 Haec
1136 1914 1168 1979 in
1195 1915 1262 1979 Ca-

199 2043 319 2104 sarem,
349 2023 404 2111 qui
431 2013 593 2089 Gallorum
617 2024 704 2089 viros
729 2022 905 2110 principes,
928 2021 983 2087 vix
1007 2020 1198 2098 debellatos
1225 2040 1262 2085 ao

197 2128 356 2196 barbariae
375 2129 528 2217 rubigine
545 2128 693 2195 sordidos
709 2128 828 2210 adhuc,
845 2129 879 2193 in
894 2126 1042 2194 ordinem
1063 2125 1260 2194 senatorium

198 2235 344 2323 legisset,
362 2235 537 2303 modulatis
553 2236 642 2302 sonis
657 2234 814 2324 producta
830 2245 928 2302 sunt:

323 2405 411 2453 Gallos
423 2404 511 2453 Caesar
522 2404 551 2453 in
564 2403 730 2466 triumphum
751 2403 834 2464 ducit,
850 2403 922 2452 idem
935 2403 963 2451 in
974 2401 1089 2461 curiam;

325 2475 391 2524 Galli
408 2475 501 2524 bracas
517 2474 709 2537 deposuerunt,
725 2474 809 2523 latum
825 2475 930 2522 clavum
948 2474 1146 2537 sumpserunt²⁸

200 2646 317 2711 Contra
331 2647 489 2712 Neronem
506 2644 676 2711 cantilena
689 2643 873 2710 acerbiores
888 2643 1028 2730 vulgatae
1044 2641 1152 2709 sunt³.
1169 2643 1263 2708 Post-

158 2785 160 2790 *
200 2772 299 2840 quam
319 2750 515 2818 Commodus
535 2750 724 2817 interfectus
741 2761 802 2831 est,
821 2750 902 2816 adeo
918 2752 988 2838 ejus
1004 2759 1108 2815 morte
1124 2748 1263 2836 populus

197 2857 326 2924 laetatus
348 2867 410 2939 est,
431 2867 468 2924 ut
485 2857 607 2924 effusus
629 2857 663 2922 in
687 2857 860 2937 theatrum,
883 2878 955 2944 qua
971 2857 1116 2922 carmina
1140 2854 1179 2920 ad
1199 2854 1263 2921 vivi

199 2964 357 3030 honorem
378 2974 508 3031 cantare
531 2963 668 3045 solebat,
690 2962 805 3030 eadem
819 2984 876 3050 per
891 2963 1091 3040 irrisionem,
1109 2983 1146 3028 ao
1164 2981 1264 3028 sensu

199 3070 375 3140 verborum
395 3070 558 3137 subtiliter
576 3071 760 3151 immutato,
777 3069 959 3136 vociferans
976 3069 1194 3136 concineret&

247 3176 373 3265 Scripta
397 3198 527 3266 quoque
552 3176 679 3244 famosa
701 3176 911 3243 basilicarum
934 3185 966 3242 et
989 3175 1185 3264 templorum
1210 3197 1265 3243 eo-

198 3283 334 3365 lumnis,
368 3283 471 3351 forive
505 3283 685 3372 parietibus
714 3282 945 3370 alligabantur,
973 3281 1123 3371 quamvis
1155 3281 1187 3347 id
1217 3303 1266 3349 se·

200 3400 297 3457 natus
325 3390 481 3457 consultis
505 3389 763 3478 prohiberetur⁵,
793 3411 829 3456 ao
852 3389 1035 3477 principum
1063 3389 1266 3455 constitutio-

200 3495 297 3563 nibus
320 3496 464 3564 odictum
487 3496 614 3580 luisset,
635 3518 702 3563 «ea
721 3517 793 3584 qua
815 3494 996 3562 inl'amandi
1011 3494 1144 3561 alterius
1168 3515 1266 3560 causa

233 3694 255 3739 l.
274 3693 362 3754 Spart,
376 3690 470 3751 Horta,
484 3691 523 3740 16.

231 3764 254 3811 2.
274 3764 350 3822 Suet,
365 3763 461 3821 Caeaor,
480 3763 518 3810 80.

234 3834 255 3881 3.
275 3834 347 3893 Prot,
367 3832 460 3893 Galba,
476 3835 500 3881 lr.

234 3906 256 3952 l.
272 3903 315 3953 Dio
337 3904 442 3964 Cassius,
466 3900 813 3963 nxx11r‚2.-Vrdeetiam‚
835 3901 863 3950 de
885 3900 1009 3951 cantilenis
1030 3900 1159 3957 maledicis,
1185 3902 1265 3961 Soet,

202 3972 297 4032 Caeaor,
312 3977 354 4033 493
368 3976 441 4034 Nero,
462 3975 508 4035 423
522 3972 614 4031 Galba,
631 3973 669 4021 13.
681 3973 717 4021 Cl.
729 3970 804 4032 lbid„
816 3972 844 4033 6;
868 3972 964 4033 Vitat,
976 3973 1003 4021 ll
1015 3987 1021 4033 3
1043 3972 1142 4031 Oetam,
1165 3973 1203 4020 tt.

232 4047 254 4094 5.
272 4046 343 4109 Dip,
359 4047 385 4094 L.
396 4047 485 4105 xtvu,
496 4047 522 4094 Τ.
534 4048 563 4105 X,
576 4059 599 4105 r,
613 4045 666 4106 §10
683 4059 689 4092 ι
704 4061 716 4087 «
767 4045 837 4094 Poena
851 4047 945 4094 tenetur
957 4057 986 4094 ex
997 4045 1054 4094 S.C.
1065 4043 1137 4105 isqui
1148 4042 1265 4105 ἐπιγράμ-

203 4130 277 4177 ματα,
295 4116 317 4165 id
339 4120 385 4177 est,
409 4116 587 4180 inscriptiones,
611 4115 706 4165 aliudve
720 4113 770 4164 sine
785 4114 909 4178 scriptura,
925 4115 950 4164 in
967 4119 1046 4166 notam
1063 4114 1195 4177 aliquorum
1210 4126 1267 4178 pro-

203 4186 278 4235 dtlxii.
290 4207 301 4230 u
