2916 4934
490 346 745 399 uoululssusuuu
771 346 965 391 LlTTL'lthlS.
1228 338 1259 388 Ξῖ

194 458 257 526 sibi
273 458 378 547 sinapi
393 459 541 547 perfusos
555 459 662 525 afferri
670 459 822 546 jussisse,
836 480 872 525 ac
886 458 1017 525 eosdem
1033 458 1143 525 statim
1158 459 1261 526 hono-

194 565 285 633 ribus
313 574 345 632 et
378 566 497 633 divitiis
528 587 682 646 ornasse;
720 566 900 632 Gallienum
930 587 970 632 ex
997 566 1101 652 pomis
1130 567 1262 633 castella

195 672 335 754 fecisse3
360 672 570 739 Maximinum
596 673 732 739 sudores
755 694 833 739 suos
853 673 1032 760 excepisse,
1052 693 1089 738 ac
1112 672 1194 739 duos
1212 674 1263 740 vel

194 791 261 846 tres
290 781 448 846 sextarios
477 779 605 846 sudoris
637 779 833 860 ostendisse,
861 790 892 846 et
918 780 980 845 alia
1003 800 1074 868 quae
1103 779 1260 867 ineptiam

198 887 295 952 simul
315 908 351 953 ac
367 887 603 973 malignitatem
620 886 801 953 redolent¹.
1159 960 1163 967 ,

240 995 359 1059 Praeter
383 993 549 1080 improbos
575 994 746 1080 scriptores
776 993 831 1081 qui
859 993 927 1059 hacc
956 993 1081 1059 insulsa
1108 1015 1147 1059 ex
1172 994 1264 1080 vulgi

196 1099 382 1167 rumoribus
411 1099 504 1166 avide
533 1109 737 1188 acceperunt,
767 1100 818 1166 vel
844 1099 906 1187 ipsi
939 1100 1177 1180 confinxerunt,
1209 1101 1261 1167 alii

196 1207 317 1294 plures,
335 1228 542 1296 nequaquam
564 1206 749 1294 spernendi,
768 1207 812 1272 ita
827 1206 929 1273 libero
951 1207 1061 1273 animo
1080 1229 1133 1274 res
1152 1208 1262 1295 populi

197 1315 324 1379 romani
345 1324 609 1402 composuerunt,
634 1323 667 1380 ut
687 1325 835 1401 potentes
858 1314 1066 1407 offenderint.
1093 1314 1262 1392 Quomodo

197 1442 274 1487 rero
294 1420 469 1502 Labienus,
498 1421 680 1487 Cremutius
707 1421 841 1502 Cordus,
871 1423 1195 1508 Herurogencsque²,
1226 1443 1262 1488 ac

199 1526 309 1593 forsan
324 1529 441 1594 lunius
455 1530 663 1610 Saturninus,
679 1529 852 1616 Vipstanus
867 1529 1016 1609 Messala,
1036 1531 1156 1595 Marius
1169 1529 1267 1594 Maxi-

200 1635 305 1715 mus³,
332 1635 366 1701 in
383 1634 508 1702 lactiosi
531 1636 632 1702 animi
656 1636 875 1724 suspicionem
899 1636 1061 1717 venerint,
1091 1658 1157 1702 uon
1186 1636 1265 1702 satis

200 1752 325 1808 certum
338 1741 517 1826 babemus;
534 1764 609 1809 nam
627 1764 739 1809 eorum
756 1743 829 1810 libri
846 1745 1026 1831 perierunt.

244 1848 279 1914 ld
315 1870 444 1938 quoque
476 1850 654 1938 saepissime
690 1850 903 1938 imperatores
932 1850 1017 1916 inter
1053 1849 1265 1936 gravissimas

201 1955 397 2022 offensiones
414 1955 610 2038 habueruut,
635 1956 662 2023 si
689 1957 762 2044 quis
785 1957 885 2023 vitam
910 1957 1084 2022 illustrium
1106 1956 1263 2036 virorum,

201 2063 294 2150 cujus
330 2062 417 2129 fama
450 2065 674 2152 memoriaque
710 2063 795 2151 apud
837 2063 925 2151 ipsos
965 2063 1144 2151 injucunda
1182 2075 1264 2145 erat,

200 2170 447 2257 composuisset,
465 2191 643 2260 eorumque
657 2170 855 2237 laudavisset
868 2170 982 2237 fortem
997 2179 1265 2257 constantemque

203 2275 362 2342 animum.
390 2279 470 2342 Nam
502 2277 692 2366 hujusmodi
725 2277 836 2349 libelli.
868 2299 969 2366 quum
998 2277 1142 2344 historiis
1170 2287 1267 2364 atque

203 2384 375 2450 annalibus
391 2385 557 2452 breviores
568 2397 687 2467 essent,
699 2408 736 2452 ac
751 2386 878 2452 facilius
890 2384 1189 2466 circumferrentur,
1207 2407 1267 2451 nec

203 2490 376 2558 difficulter
398 2502 588 2580 paterentur
613 2514 651 2558 ea
673 2493 828 2579 ambigua
845 2492 943 2559 verba
959 2513 1043 2580 quae,
1071 2491 1132 2558 sub
1152 2491 1269 2558 umbra

201 2598 355 2684 praeteriti
373 2599 541 2687 temporis,
560 2601 592 2665 in
607 2611 801 2688 presentem
820 2600 933 2666 horam
949 2598 1064 2666 cadere
1080 2598 1266 2680 videantur,

203 2704 389 2772 avidissime
415 2706 448 2772 in
471 2706 599 2772 circulis
620 2706 860 2773 lectitabantur.
888 2707 940 2773 Sic
962 2709 1037 2773 Cato
1065 2705 1223 2772 Uticensis
1250 2727 1269 2771 a

202 2812 290 2878 Paeto
317 2812 471 2894 Thrasea,
498 2813 703 2901 Thraseaque
726 2815 795 2900 ipse
826 2835 843 2878 a
872 2814 1013 2894 Rustico,
1047 2834 1065 2878 a
1090 2812 1268 2879 Senecione

202 2919 332 2985 Priscus
345 2920 524 3002 Helvidius
540 2942 559 2986 a
573 2919 721 2986 Secundo
734 2920 838 2987 Julius
851 2919 1011 2987 Asiaticus
1021 2918 1172 2985 laudatus
1187 2918 1267 2996 estl,

202 3036 239 3091 ut
262 3046 318 3092 eos
341 3027 486 3092 omittam
517 3027 584 3117 qui,
601 3026 661 3093 sub
684 3027 806 3093 ultimis
834 3026 1029 3114 Reipublicae
1051 3025 1266 3114 temporibus

104 3198 106 3200 ,
202 3132 304 3213 Bruti,
326 3135 466 3215 Catonia,
484 3135 629 3222 Pompeii
649 3155 686 3200 ac
706 3134 868 3202 Ciceronis
886 3134 985 3201 vitam
1002 3143 1034 3199 et
1048 3132 1270 3200 laudationem

204 3240 410 3307 adicer-unu.

250 3349 317 3426 Qua
332 3369 408 3414 vero
429 3349 605 3427 voluntate,
628 3368 758 3436 quoque
778 3349 887 3414 animo
908 3350 1003 3414 Corn.
1022 3348 1151 3413 Tacitus
1172 3345 1271 3432 Agri-

206 3454 283 3520 colae
306 3455 410 3521 soceri
430 3455 529 3523 vitam
549 3455 716 3522 memoriae
734 3455 925 3543 prodiderit,
948 3475 1013 3521 nou
1034 3454 1128 3541 plane
1149 3453 1271 3541 liquet3

239 3650 259 3698 l.
277 3652 304 3698 D.
319 3650 422 3710 Cassius,
439 3665 486 3712 tvi,
500 3653 543 3710 30;
560 3653 636 3710 Suet,
650 3649 755 3711 Claud,
766 3652 808 3706 32:
824 3649 916 3711 calta,
933 3651 974 3709 123
991 3649 1148 3712 Lampridius,
1162 3649 1272 3709 Consua,

208 3723 235 3770 11
258 3720 304 3782 (Cf.
323 3720 398 3781 tota,
421 3724 449 3769 10
462 3726 485 3770 ct
501 3723 553 3784 13);
574 3722 642 3771 Treb.
659 3720 743 3782 Pollio,
762 3721 841 3781 uolt,
863 3722 904 3781 16;
928 3719 1039 3783 Capitol,
1059 3720 1179 3780 Murrina,
1196 3721 1218 3768 l.
1235 3719 1274 3769 Cs.

206 3792 303 3840 Aaron.
317 3791 394 3852 Fuit,
409 3795 450 3852 l5;
467 3797 513 3842 etc.

238 3865 261 3912 2.
280 3865 312 3912 De
334 3864 446 3924 Labieno,
469 3863 588 3913 Cremutio
607 3867 631 3914 et
651 3865 798 3927 Hermogene
820 3864 873 3914 ride
896 3864 966 3923 intra,
988 3865 1062 3913 Part.
1086 3862 1133 3922 lle,
1155 3866 1167 3921 ἓ
1187 3864 1222 3922 20,
1245 3864 1272 3910 3ο

210 3937 233 3984 et
245 3936 281 3982 4⁰.

240 4006 263 4054 3.
281 4007 387 4065 Sueton,
405 4005 503 4067 uerna,
519 4008 562 4067 2l;
577 4006 660 4062 Tacit..
675 4007 752 4066 Hist,
766 4022 801 4066 ru,
815 4008 858 4066 253
875 4010 921 4057 etc.

240 4080 263 4126 4.
282 4075 353 4137 Plut,
371 4078 521 4138 Camilia,
537 4079 581 4140 373
596 4076 667 4126 Diul.
684 4078 767 4136 Orat,
785 4080 825 4138 11;
843 4078 927 4134 Tacit,
944 4077 1041 4141 Apric,
1054 4078 1082 4137 2;
1100 4077 1207 4135 Sueten,
1221 4077 1274 4124 Do-

208 4149 276 4208 mit,
293 4149 334 4207 lo;
351 4149 421 4207 l¹lin.,
436 4149 530 4212 Epist,
546 4164 588 4208 vu,
603 4151 645 4210 19;
661 4151 688 4198 Ι).
702 4149 808 4210 Cassios,
824 4164 896 4208 uxvu,
909 4150 951 4209 1³5
962 4153 1008 4198 etc.

240 4220 262 4267 5.
281 4217 353 4279 Plut,
368 4219 430 4279 Cic,
447 4221 473 4267 ll
491 4222 515 4268 et
528 4221 572 4280 493
585 4220 692 4279 Brutus,
707 4221 745 4277 13,
759 4221 797 4275 23,
814 4220 843 4267 48
858 4223 881 4268 et
892 4221 933 4279 5t;
951 4217 1022 4267 Diol.
1038 4219 1122 4278 Orat,
1137 4217 1180 4278 173
1197 4219 1241 4265 etc.
