2916 4934
487 329 743 394 Houtntausuua
766 330 961 377 attanensis,
1225 327 1260 380 39

237 443 337 508 Nemo
364 440 596 529 imperatorum
619 443 773 509 Romanis
800 442 947 510 dilectior
967 466 1065 533 quam
1088 448 1258 535 Augustus

192 547 270 628 luit3
289 569 393 638 neque
409 548 508 615 alium
521 558 632 615 tamen
646 548 850 637 frequentius
868 550 946 618 locis
959 551 1154 621 lacerarunt.
1171 555 1258 622 bello

194 655 366 736 Siciliensi,
384 655 496 722 classis
512 657 695 738 Octauiana,
714 656 837 722 cladem
856 678 1022 746 perpessa,
1045 658 1095 726 his
1108 659 1257 729 versibus
1320 658 1324 663 ’

193 762 300 829 locum
315 761 429 829 dedit:

319 932 462 994 Postquam
475 931 516 979 bis
529 931 611 979 classe
625 931 710 979 victus
720 945 802 980 naves
816 931 943 994 perdidit,

318 1003 471 1065 Aliquando
487 1004 624 1063 utviucat,
640 1002 710 1051 ludit
725 1001 832 1051 assidue
848 1003 965 1064 aleam¹;

198 1167 310 1213 rumor
333 1148 419 1214 enim
436 1156 504 1213 erat
526 1147 705 1227 Octavium,
728 1167 829 1233 quum
848 1146 916 1212 haec
944 1147 976 1213 in
1002 1148 1109 1214 Sicilia
1124 1169 1263 1236 ageren-

196 1265 260 1332 tur,
283 1275 340 1342 per
360 1253 528 1319 mollitiem
551 1263 582 1320 et
601 1253 715 1320 ludum
736 1253 834 1318 vitam
851 1253 971 1340 degere
991 1254 1157 1340 ignavam.
1172 1257 1263 1322 Meli-

197 1381 336 1448 gncrum
356 1359 474 1426 fabulis
492 1359 814 1447 cavillationibusque
836 1360 1008 1426 materiam
1030 1382 1160 1450 quoque
1183 1384 1263 1450 pra-

197 1467 268 1535 buit
294 1487 386 1534 coena
409 1454 578 1554 sacrilega,
607 1488 679 1556 quac
702 1467 887 1544 Δωδεκάθεος
911 1468 1071 1555 appellata
1095 1479 1155 1535 est.
1181 1471 1262 1537 Nam

198 1576 363 1643 Octavium
383 1584 479 1662 atque
500 1575 650 1641 undecim
667 1575 747 1643 alios
768 1581 932 1662 convivata,
956 1576 1017 1645 sub
1033 1576 1168 1644 deorum
1183 1577 1262 1644 dea·

199 1703 336 1770 rumque
361 1683 523 1768 majorum
541 1682 628 1748 cultu
651 1692 682 1749 et
706 1695 794 1755 veste
817 1685 1023 1753 discubuisse
1050 1683 1173 1751 dictum
1199 1693 1260 1765 est,

198 1790 363 1857 Octavium
385 1789 492 1876 ipsum
513 1789 669 1876 Apollinis
692 1791 816 1859 habitu.
835 1793 987 1860 Omnium
1002 1790 1261 1879 indignationem

198 1898 288 1964 auxit
310 1917 430 1983 magna
453 1905 523 1962 tum
546 1896 580 1962 in
600 1896 679 1963 urbe
705 1920 841 1966 annona
859 1899 989 1976 caritas
1011 1918 1049 1963 ac
1063 1895 1262 1985 propemodo

198 2003 314 2086 lamas,
335 2030 350 2064 u
365 2024 471 2090 neque
484 2002 604 2069 mirum
621 2024 705 2084 esse,
718 2004 860 2087 aiebant,
880 2005 905 2071 si
921 2004 1120 2071 frumentum
1138 2002 1260 2083 desset,

199 2109 464 2198 quandoquidem
490 2109 534 2175 dii
563 2110 665 2197 plebis
695 2133 836 2178 romana
862 2112 951 2178 cibos
983 2109 1192 2177 comederant
1221 2131 1261 2190 »;

198 2238 339 2305 moxque
360 2216 575 2283 clancularius
595 2228 706 2283 auctor
727 2217 786 2284 hos
805 2239 932 2301 versus,
952 2216 1061 2285 statim
1080 2237 1138 2305 per
1161 2226 1263 2283 totam

199 2324 361 2392 civitatem
379 2322 572 2411 publicatos
589 2323 747 2392 lectitavit
764 2346 771 2392 :

324 2494 540 2556 Quamprimum
556 2492 667 2542 istorum
688 2494 817 2544 conduxit
833 2509 925 2544 mensa
936 2495 1090 2558 choragum,

356 2565 459 2628 Sexque
470 2565 533 2614 deos
546 2565 613 2614 vidit
628 2566 742 2626 blallia2,
759 2580 858 2629 sexque
872 2566 943 2629 deae,

324 2636 409 2698 Impia
421 2635 485 2684 dum
498 2635 589 2684 Phoebi
605 2636 691 2685 Caesar
703 2637 843 2686 mendacia
857 2636 935 2698 ludit,

357 2708 425 2755 Dum
440 2721 512 2755 nova
526 2707 650 2755 divorum
664 2711 752 2756 coeuat
766 2707 911 2767 adulteria;

324 2777 421 2827 Omnia
433 2791 460 2826 sc
477 2792 490 2826 a
508 2777 587 2826 terris
602 2780 667 2826 tunc
678 2778 699 2824 N
704 2779 795 2826 umine
810 2777 990 2839 declinarunt,

354 2849 431 2913 Fugit
445 2853 471 2898 et
484 2852 591 2898 auratos
604 2849 729 2912 luppiter
742 2850 801 2912 ipse
815 2849 953 2899 thronosl.

244 3028 356 3095 Plures
382 3029 468 3117 apud
495 3028 686 3095 Suetonium
713 3038 888 3116 supersunt
913 3027 1083 3094 mordaces
1112 3026 1265 3094 versiculi

201 3145 312 3202 contra
338 3135 504 3202 Tiberium
526 3135 707 3224 compositi,
730 3135 850 3224 quibus
867 3135 1004 3222 principi
1027 3133 1161 3215 sevitie,
1184 3132 1266 3200 vini·

201 3263 264 3330 que
286 3242 481 3330 appetentia,
500 3264 537 3310 ac
552 3242 680 3309 modica
694 3263 771 3329 erga
787 3242 910 3309 Liviam
927 3250 1063 3307 matrem
1084 3237 1266 3306 reverentia

201 3348 328 3415 crimini
354 3348 526 3416 dabantur.
555 3352 617 3416 Eos
643 3370 732 3430 vero,
764 3369 865 3437 quum
894 3348 1023 3415 Tiberio
1047 3345 1262 3413 Rhodiensem

201 3455 262 3521 sub
285 3456 433 3540 Augusto
458 3477 635 3538 secessum,
661 3477 697 3522 ae
721 3476 804 3543 pene
828 3453 991 3536 exsilium,
1018 3451 1263 3540 exprobrarent,

201 3562 247 3628 illi
260 3583 458 3651 magnopere
474 3563 629 3629 molestos
643 3561 742 3629 luisse
758 3561 922 3628 credimus
936 3582 943 3627 ε

326 3729 439 3794 Adspice
450 3730 555 3780 felicem
570 3730 629 3790 sibi,
644 3744 699 3778 non
712 3730 772 3790 tihi,
789 3729 910 3788 Romule,
927 3728 1039 3787 Sullam,

358 3802 389 3850 Et
401 3803 522 3862 Marium,
540 3802 563 3851 si
575 3802 624 3860 vis,
640 3802 757 3866 adspice,
772 3802 819 3850 sed
834 3801 970 3860 reducem,

235 3992 257 4038 l.
276 3992 354 4050 Suet,
369 3991 467 4052 Oetae,
479 3993 518 4040 lb.

233 4062 256 4110 2.
275 4062 331 4111 Erat
344 4066 422 4112 autem
432 4063 478 4112 ista
488 4062 565 4113 Mallia
581 4062 701 4113 meretrix.

233 4132 256 4180 3.
275 4132 393 4183 Clamabat
407 4135 509 4198 populus
525 4136 641 4184 Caesarem
662 4147 714 4183 esse
735 4146 790 4182 vere
807 4131 963 4195 Apollinem,
989 4130 1029 4180 sel
1047 4131 1176 4179 T02'l0r9m
1193 4149 1204 4174 “
1219 4141 1266 4193 ‘1¹¹⁰

201 4203 339 4265 cognomine
356 4204 377 4254 is
391 4206 449 4255 deus
462 4205 563 4268 quadarn
581 4205 683 4268 inpelle
698 4204 764 4253 urbis
779 4203 913 4254 celebratur
927 4221 949 4252 a.
966 4202 1054 4265 (Suet,
1079 4200 1202 4264 locauit.)
