2916 4934
214 367 247 420 36
595 375 634 419 ul:
656 374 891 421 scutetulttuus

210 489 359 566 alterum,
377 487 463 575 apud
480 489 636 553 Caesarem
648 496 725 553 tune
739 486 1003 575 prepotentem¹,
1027 487 1165 574 figurate
1181 500 1275 556 nota·

207 597 318 674 visset,
344 604 374 660 et
402 594 522 674 statim,
550 614 736 681 quanquam
763 593 1022 680 octogenarium,
1048 615 1105 682 per
1132 597 1273 685 speciem

206 701 338 768 honoris
359 710 392 766 et
407 699 601 787 praefecturae
617 701 769 774 cohortis,
792 711 953 767 extorrem
972 698 1107 784 factum,
1127 723 1203 768 mor
1219 725 1275 769 au-

205 829 283 895 gore
302 816 334 874 et
353 806 448 873 taedio
469 817 709 894 consumptum,
732 806 902 895 periisse².
1018 820 1021 824 ’

248 913 449 980 perobscura
475 934 513 980 ea
529 913 580 980 vel
597 913 778 994 confutare,
795 913 847 980 vel
863 913 1052 998 diligentius
1068 916 1270 1003 perpendere

205 1041 271 1087 non
292 1020 372 1085 mihi
390 1019 547 1086 inanimo
567 1029 626 1086 est.
648 1019 811 1108 Quidquid
836 1030 886 1086 est
905 1020 944 1086 de
966 1042 1004 1086 ea
1019 1042 1066 1102 re,
1090 1023 1268 1104 luvenalis,

205 1127 353 1216 plurimis
379 1126 439 1192 sub
467 1125 729 1215 imperatoribus,
756 1127 853 1193 vitam
886 1126 1032 1214 longam,
1062 1129 1147 1195 inter
1175 1129 1270 1196 scho-

204 1234 309 1300 larum
335 1232 600 1313 declamationes,
624 1242 693 1299 tute
716 1232 818 1319 degit,
835 1234 880 1299 ita
903 1234 1038 1321 periculi
1062 1234 1211 1317 timidus,
1236 1247 1272 1302 ut

139 1334 143 1339 ’
206 1340 328 1407 diutius
345 1361 384 1406 ne
401 1339 528 1406 modico
544 1340 677 1427 quidem
699 1340 860 1406 auditorio
885 1362 1000 1408 versus
1019 1342 1154 1408 recitare
1170 1363 1270 1408 ausus

205 1447 279 1513 sit³.
312 1449 381 1513 Non
406 1447 505 1533 igitur
528 1446 717 1513 iuvenalem
741 1445 775 1512 in
804 1467 917 1513 eorum
943 1468 1080 1514 numero
1104 1449 1267 1536 posuerim

204 1555 259 1642 qui
274 1556 414 1621 Caesares
428 1552 565 1640 abrupta
575 1553 778 1619 contumacia
794 1562 826 1620 et
836 1553 1027 1620 inexorabili
1043 1554 1117 1621 odio
1134 1576 1265 1622 consee-

203 1660 368 1727 tabantur.
396 1663 424 1725 ls
447 1679 524 1726 saue
546 1658 747 1747 principibus
763 1680 827 1726 non
844 1658 1090 1742 adversabatur,
1117 1663 1173 1749 qui
1193 1665 1269 1729 Tra-

201 1769 317 1855 janum
332 1766 383 1833 vel
396 1765 597 1832 Hadrianum
616 1765 789 1852 magnifice
806 1766 961 1848 laudavit,
977 1767 1065 1855 quod
1081 1768 1189 1833 tristes
1204 1767 1268 1834 hue

204 1885 394 1963 tempestate
415 1873 593 1938 Cumoeuos
614 1871 755 1951 fovebat,
780 1894 817 1939 ae
836 1872 960 1940 litteras
974 1873 1113 1940 alebat‘.
1139 1875 1172 1940 Si
1189 1897 1266 1943 vero

201 1980 373 2069 praesentia
396 1990 543 2067 tempora
557 1979 674 2046 acriter
696 1979 890 2067 insequitur,
906 1980 1051 2069 nihilque
1069 2002 1203 2068 prorsus
1220 1981 1266 2048 illi

202 2089 235 2154 iu
265 2109 324 2154 suo
349 2086 465 2153 saeculo
490 2086 607 2174 placet,
636 2086 714 2153 istas
741 2086 903 2173 querelaS,
929 2086 1016 2173 apud
1040 2087 1210 2154 historicos
1234 2099 1266 2156 et

201 2193 409 2283 philosophos
426 2192 507 2258 lorte
522 2213 580 2280 pro
599 2191 762 2258 seditiosis
779 2192 959 2275 habendas,
978 2193 1151 2260 satirarum
1167 2196 1265 2284 scrip·

200 2311 287 2368 tores
309 2300 379 2366 sine
395 2299 514 2365 damno
537 2297 598 2365 sibi
620 2297 868 2386 permittebant3
885 2299 960 2366 hine
978 2300 1066 2366 euim
1088 2302 1264 2370 exsistebat

200 2407 352 2474 carminis
365 2406 463 2493 hujus
477 2405 626 2471 maledici
641 2405 806 2483 materies
825 2426 861 2472 ao
871 2407 1013 2495 surrupo
1027 2406 1131 2473 libelli
1137 2407 1160 2474 ⁵.
1175 2408 1263 2476 Licet

199 2515 298 2602 igitur
318 2513 483 2581 luvenalis
505 2511 679 2578 immodico
703 2520 827 2578 tumore
850 2522 1027 2600 turgescat,
1052 2522 1084 2580 et
1106 2515 1262 2582 iracunde

198 2621 341 2688 clamitet
354 2643 362 2686 :

320 2797 362 2845 Nil
374 2797 424 2846 erit
437 2795 559 2858 ulterius,
572 2795 645 2859 quod
657 2796 756 2845 nostris
769 2797 890 2846 moribus
902 2797 983 2847 addat

320 2869 493 2919 Posteritas⁶!

237 3041 389 3106 Attamen
410 3059 449 3104 ex
470 3037 642 3104 Domitiani
661 3036 796 3124 imperio
814 3036 932 3124 ingens
952 3039 984 3104 in
1003 3039 1134 3106 colorem
1151 3044 1260 3110 Nere-

194 3145 287 3214 uem⁷
314 3145 423 3211 odium
447 3153 649 3231 conceperat.
668 3143 796 3210 Nemini
811 3145 968 3212 memoria
988 3145 1108 3213 excidit
1123 3147 1259 3215 immor-

193 3253 266 3321 talis
281 3251 336 3317 illa
353 3251 451 3317 satira
473 3250 513 3316 de
534 3248 739 3317 senatoribus
760 3250 1001 3334 semuisomnis,
1027 3262 1119 3320 nocte
1142 3255 1183 3320 ad
1201 3276 1258 3322 eu-

192 3360 275 3428 riam
296 3359 335 3425 de
350 3358 437 3446 pisce
454 3367 546 3445 capto
561 3355 692 3438 vocatis,

317 3526 344 3575 lu
362 3538 477 3589 quorum
488 3524 555 3573 facie
571 3525 675 3573 miserae
688 3537 848 3589 magnaeque
863 3525 974 3575 sedebat
1075 3577 1080 3581 ,

316 3597 404 3646 Pallor
417 3594 568 3645 amicitiae&

222 3762 245 3808 l.
264 3759 313 3808 Sub
328 3757 455 3817 Hadriano,
474 3759 500 3804 ut
513 3755 593 3806 multis
604 3756 691 3819 placet.

221 3833 244 3880 2.
267 3830 330 3879 Vitae
342 3826 485 3877 tuoeuulia.
498 3827 534 3876 Cs.
550 3827 632 3877 Sidon.
648 3826 738 3891 Apoll,
755 3828 888 3890 Carmina,
902 3844 934 3890 ur,
948 3830 993 3878 aot
1009 3843 1062 3893 sqq.

221 3903 244 3950 3.
267 3902 316 3950 Vit.
331 3902 421 3950 Jttoen.

221 3975 242 4022 l.
261 3971 328 4030 Sat,
343 3985 384 4032 vu,
398 3971 465 4018 1-21.

220 4047 243 4092 5.
261 4058 278 4104 1,
292 4045 331 4091 86.

221 4117 244 4164 6.
261 4129 278 4173 1,
294 4116 347 4163 lll.

220 4187 243 4234 l.
261 4199 294 4244 ιν,
310 4184 349 4233 38.

219 4256 241 4305 8.
260 4270 291 4315 ιν,
307 4257 346 4304 ll.
